1783 1980
511 266 718 338 ἀπέχουσϊ
725 272 796 338 τὸν
797 265 965 339 μϊσθὸν
967 271 1130 340 αὐτῶν·
1146 279 1217 333 σοῦ
1219 265 1284 334 δὲ

515 341 760 400 ποιοῦντος
768 345 1092 401 ἐλεημοσύνην,
1104 344 1162 396 μὴ
1166 342 1325 403 γνώτω

512 405 554 463 ἡ
560 405 763 462 ἀριστερά
772 418 858 459 σου,
859 402 901 463 τί
902 401 1032 464 ποιεῖ
1033 401 1075 464 ἡ
1081 405 1226 463 δεξιά
1232 407 1315 457 σου·

510 471 654 531 ὅπως
662 465 703 525 ἦ
708 485 773 523 σου
778 467 821 523 ἡ
826 473 1095 525 ἐλεημοσύνη
1095 467 1160 525 ἐν
1163 469 1278 524 τῶ

517 535 738 591 κρϋπτῶ·
745 531 832 586 καὶ
830 530 863 582 ὁ
868 530 961 587 πήρ
967 547 1040 583 σου
1044 530 1076 585 ὁ
1081 526 1243 589 βλέπων
1251 531 1289 588 ἐν

511 599 577 654 τῶ
586 596 758 653 κρϋπτῶ,
759 597 890 647 αὐτὸς
893 587 1107 645 ἀποδώσει
1110 600 1177 643 σοι
1181 591 1228 645 ἐν
1229 593 1304 644 τῶ

517 660 759 718 φανερῶ·
788 658 865 707 καὶ
870 656 976 705 ὅταν
983 650 1219 710 προσεύχῃ,
1221 660 1298 712 οὐκ

462 717 593 775 Ἔσῃ
603 721 769 780 ὥσπερ
772 720 806 773 οἱ
817 716 1057 775 ὑποκριταί·
1065 711 1127 775 ὅτι
1130 720 1314 773 φιλοῦσϊν

504 783 573 843 ἐν
577 793 664 838 ταῖς
666 778 942 838 συναγωγαῖς·
953 780 1022 829 καὶ
1027 774 1076 841 ἐν
1083 783 1174 821 ταῖς
1177 776 1325 838 γωνίαις

513 842 605 899 τῶν
612 843 862 896 πλατειῶν,
873 836 1022 891 ἑστῶτες
1029 840 1338 894 προσεύχεσθαι·

520 907 630 958 ὅπως
641 900 699 961 ἂν
704 904 876 964 φανῶσι
880 903 954 947 τοῖς
955 900 1118 950 ἀνοις·
1135 896 1241 950 ἀμήν
1239 902 1321 960 λέγω

514 968 638 1020 ὑμῖν,
649 974 730 1022 ὅτι
730 963 915 1021 ἀπέχουσι
915 958 984 1022 τὸν
996 955 1129 1018 μϊσθὸν
1134 967 1299 1013 αὐτῶν·

523 1030 577 1076 σὺ
589 1033 637 1078 δε
647 1034 763 1083 ὅταν
766 1032 1023 1082 προσεύχῃ,
1029 1021 1213 1078 ἔσεσθε
1216 1016 1295 1080 εἰς

524 1095 559 1150 τὸ
565 1091 736 1150 ταμεῖον
746 1112 846 1139 σου·
862 1094 937 1141 καὶ
941 1095 1123 1148 κλείσας
1127 1089 1211 1136 τὴν
1213 1085 1323 1142 θύραν

524 1170 624 1205 σου,
629 1159 896 1215 πρόσευξαι
899 1158 962 1203 τῶ
970 1151 1070 1213 πρί
1074 1147 1124 1198 σου
1128 1147 1164 1203 τῶ
1163 1150 1219 1207 ἐν
1221 1150 1298 1209 τῶ

514 1220 741 1278 κρϋπτῶ·
760 1219 828 1278 καὶ
838 1219 865 1271 ὁ
870 1215 963 1271 πήρ
967 1226 1050 1263 σου
1057 1212 1081 1259 ὁ
1090 1211 1287 1268 βλέπων

513 1282 575 1342 ἐν
587 1293 648 1330 τῶ
657 1284 830 1342 κρϋπτῶ,
838 1276 1061 1333 ἀπδώσει
1062 1280 1125 1327 σοι
1132 1273 1185 1328 ἐν
1192 1273 1304 1326 τῶ

512 1349 744 1402 φανερῶ·
779 1341 1159 1396 προσευχόμενοι
1160 1331 1232 1386 δὲ,
1237 1338 1327 1387 μὴ

517 1411 945 1472 βαττολογήσητε,
950 1402 1093 1467 ὥσπερ
1091 1398 1140 1454 οἱ
1149 1391 1328 1456 ἐθνικοί·
