1722 1995
339 221 406 271 Β:
480 180 553 269 πε[30]
558 201 601 269 τ[10]
613 200 857 278 ἀναιρεθέντων
860 220 1024 269 νηπίων:

475 310 523 377 <+>
530 300 624 367 ἴσθι
630 312 728 367 ἐκεῖ,
740 315 822 366 ἕως
826 299 884 364 ἂν
890 296 1007 364 εἴπω
1009 322 1109 359 σοι·
1115 298 1253 358 μέλλει

472 381 558 442 γὰρ
562 374 729 439 ἡρώδης
740 372 881 434 ζητεῖν
887 379 935 426 τὸ
940 370 1141 430 παιδίον
1149 379 1231 432 τοῦ

458 445 699 500 ἀπολέσαι
707 443 827 493 αὐτό·
867 445 893 496 ὁ
891 433 959 492 δὲ
964 442 1152 497 ἐγερθεὶς.
1151 440 1249 493 παρέ

457 518 584 564 λαβε
587 513 639 560 τὸ
642 503 833 560 παιδίον
844 501 907 558 καὶ
913 507 988 563 τὴν
991 508 1081 559 μρα
1086 507 1224 556 αὐτοῦ

456 572 646 630 νυκτός·
653 571 724 627 καὶ
732 574 979 630 ἀνεχώρησεν
988 569 1046 618 εἰς
1055 560 1256 623 αὔγϋπτον·

461 634 510 703 <+>
526 634 570 697 ἦν
584 639 669 697 ἐκεῖ
682 637 761 689 ἕως
765 638 851 686 τῆς
856 641 1051 690 τελευτῆς
1063 628 1267 683 ἡρώδου·

471 704 565 753 ἵνα
568 704 796 752 πληρωθῆ
800 698 847 750 τὸ
850 698 964 752 ῥηθὲν
964 700 1064 745 ὑπὸ
1076 699 1152 749 τοῦ
1156 692 1256 746 κυ·

450 762 548 819 διὰ
550 761 620 810 τοῦ
628 766 864 819 προφήτου
867 758 1039 821 λέγοντος,
1044 756 1111 814 ἐξ
1116 753 1254 813 αἰγύπτου

472 828 711 885 ἐκάλεσα
719 826 790 879 τὸν
801 828 886 882 υἱόν
894 833 1062 878 μου·
1109 822 1250 878 τότε

394 888 627 947 Ἡρώδης
641 890 743 947 ἰδὼν
755 897 831 943 ὅτϊ
838 891 1073 939 ἐνεπαίχθη
1078 887 1166 934 ὑπὸ
1170 883 1255 928 τῶν
272 903 331 951 Β

477 957 618 1013 μάγων,
626 953 830 1014 ἐθυμώθη
839 951 966 1005 λΐαν·
976 958 1057 1001 καὶ
1061 945 1286 1008 ἀποστείλας,

467 1024 642 1081 ἀνεῖλε
645 1016 820 1075 πάντας
825 1019 920 1067 τοὺς
927 1012 1099 1062 παῖδας
1100 1008 1181 1061 τοὺς
1188 1010 1244 1069 ἐν

467 1088 698 1136 βηθλεέμ·
716 1083 786 1134 καὶ
791 1081 857 1133 ἐν
864 1082 979 1124 πᾶσι
982 1073 1067 1122 τοῖς
1081 1084 1239 1131 ὁρίοις

468 1150 612 1200 αὐτῆς·
620 1147 703 1197 ἀπὸ
706 1142 867 1191 διετοῦς
876 1140 940 1191 καὶ
953 1138 1227 1190 κατωτέρω·

471 1208 602 1258 κατὰ
606 1208 675 1259 τὸν
674 1207 837 1262 χρόνον
844 1202 889 1258 ὃν
901 1201 1137 1259 ἠκρίβωσε
1144 1197 1242 1260 παρὰ

466 1281 561 1328 τῶν
566 1281 732 1331 μάγων·
765 1274 871 1320 τότε
881 1271 1126 1319 ἐπληρώθη
1139 1266 1177 1311 τὸ
1182 1276 1241 1315 ῥη

462 1335 550 1388 θὲν
558 1337 653 1397 ὑπὸ
661 1335 863 1384 ἱερεμίου
858 1325 925 1375 τοῦ
940 1326 1240 1385 προφήτου·

457 1396 649 1444 λέγοντος,
662 1395 797 1441 φωνὴ
811 1391 867 1440 ἐν
869 1391 992 1450 ῥαμᾶ
1001 1388 1218 1436 ἠκούσθη·

459 1460 643 1515 θρῆνος
648 1453 692 1514 <++>
695 1449 933 1511 κλαυθμὸς·
940 1450 968 1511 <++>
982 1445 1159 1511 ὀδϋρμὸς
1166 1433 1281 1498 πολΰς·
