1662 1990
451 269 587 359 Οὕτω
593 287 688 359 γὰρ
686 260 893 360 ἐδίωξαν
883 260 983 360 τοὺς
986 284 1236 353 προφήτας

494 356 561 417 τοὺς
560 361 676 420 πρὸ
900 377 962 417 ὑμεῖς
1022 356 1117 414 ἐστὲ
677 362 844 410 ὑμῶν·
1120 364 1166 417 τὸ
1175 358 1264 424 ἅλας

486 421 560 478 τῆς
559 428 681 486 γῆς·
696 419 782 478 ἐὰν
790 415 847 472 δὲ
860 422 913 475 τὸ
921 418 1027 484 ἅλας
1032 429 1256 479 μωρανθῆ,

484 489 566 535 ἐν
574 485 677 539 τίνϊ
685 485 997 538 ἁλισθήσεται·
1013 487 1071 538 εἰς
1078 482 1235 538 οὐδὲν

494 548 634 606 ἰσχύει
635 542 745 596 ἔτϊ·
764 548 796 604 εἰ
799 544 860 593 μὴ
868 548 1076 603 βληθῆναι
1081 545 1244 602 ἔξω·

479 604 534 668 <+>
542 608 913 661 καταπατεῖσθαι
913 608 1010 653 ὑπὸ
1015 611 1094 656 τῶν
1093 608 1255 660 ἀνων·

438 667 592 724 Ὑμεῖς
589 662 683 719 ἐστὲ
696 668 741 716 τὸ
748 664 852 720 φῶς
855 665 924 717 τοῦ
933 663 1125 722 κόσμου·
1147 667 1239 728 οὐ

489 719 662 782 δύναται
670 726 793 780 πόλϊς
797 731 1004 785 κρυβῆναι
1015 729 1160 793 ἐπάνω
1168 731 1259 789 ὄρους

495 787 737 846 κειμένη·
754 786 866 845 οὐδὲ
872 790 1044 847 καίουσϊ
1042 794 1213 857 λύχνον

484 849 539 912 <+>
539 850 724 908 τιθέασιν
737 851 865 906 αὐτὸν
873 859 973 904 ὑπὸ
971 852 1038 906 τὸν
1035 860 1241 909 μόδϊον·

496 911 573 963 ἀλλ᾽
574 913 660 966 ἐπὶ
663 917 743 971 τὴν
738 919 958 969 λϋχνίαν·
970 919 1042 968 καὶ
1045 923 1235 969 λάμπει

485 970 629 1021 πᾶσι
639 971 739 1023 τοῖς
743 972 802 1022 ἐν
801 969 858 1019 τῆ
865 978 1058 1018 οἰκία·
1079 976 1217 1017 οὕτω

481 1030 729 1085 λαμψάτω
731 1025 781 1084 τὸ
778 1032 888 1080 φῶς
897 1041 1029 1087 ὑμῶν
1043 1023 1260 1091 ἔμπροσθεν

492 1094 584 1149 τῶν
592 1093 725 1140 ἀνων·
749 1096 871 1137 ὅπως
873 1087 1033 1148 ἴδωσιν
1038 1096 1166 1148 ὑμῶν
1172 1098 1230 1148 τὰ

492 1155 634 1206 καλὰ
646 1153 777 1204 ἔργα·
798 1156 863 1200 καὶ
866 1150 1110 1203 δοξάσωσϊ
1121 1152 1222 1208 τὸν

490 1208 606 1273 πρα
615 1213 747 1271 ὑμῶν
752 1220 820 1271 τὸν
829 1211 888 1267 ἐν
897 1214 983 1264 τοῖς
994 1213 1201 1267 οὐνοῖς·

491 1279 571 1326 μὴ
577 1281 781 1329 νομίσητε
787 1279 869 1334 ὅτϊ
870 1269 1001 1331 ἦλθον
1014 1274 1257 1337 καταλῦσαι

492 1341 559 1401 τὸν
564 1343 699 1404 νόμον
720 1337 764 1400 ἢ
770 1338 865 1392 τοὺς
881 1340 1155 1389 προφήτας·
1166 1339 1250 1391 οὐκ

488 1408 625 1463 ἦλθον
633 1401 899 1457 καταλῦσαι·
915 1386 1011 1442 ἀλλὰ
1012 1396 1294 1484 πληρῶσαι·
