1733 1988
560 300 861 373 ἀπεκάλεσαν,
878 307 1011 358 πόσω
1019 310 1172 347 μᾶλλον
1150 277 1264 350 τοὺς
1266 286 1371 357 οἰκει

559 380 702 427 ακοὺς
706 375 862 428 αὐτοῦ·
885 374 960 423 μὴ
954 366 1034 418 οὖν
1033 365 1346 422 φοβηθῆτε

566 443 760 487 αὐτούς·
776 436 923 487 οὐδὲν
925 434 996 491 γάρ
1000 429 1086 483 ἐστι
1086 427 1385 479 κεκαλϋμμένον,

498 496 641 560 Οὐκ
654 498 1097 552 ἀποκαλϋφθήσεται·
1100 490 1181 542 καὶ
1183 484 1366 548 κρυπτὸν,

564 559 595 621 ὃ
602 565 634 624 οὐ
628 566 979 617 γνωσθήσεται·
1001 550 1042 606 ὃ
1041 554 1133 604 λέγω
1143 555 1245 604 ὑμῖν
1247 550 1299 604 ἐν
1305 551 1372 610 τῆ

570 623 759 673 σκοτία,
765 617 925 669 εἴπατε
933 617 1002 673 ἐν
1000 618 1057 667 τῶ
1060 607 1206 662 φωτί·
1215 607 1289 653 καὶ
1293 608 1340 657 ὃ

568 681 635 740 εἰς
646 682 693 746 τὸ
701 679 769 733 οὖς
781 680 1012 729 ἀκούετε,
1020 675 1252 730 κηρύξατε
1259 664 1348 724 ἐπὶ

573 748 668 798 τῶν
670 750 914 797 δωμάτων·
937 740 1004 792 καὶ
1012 739 1080 790 μὴ
1086 739 1288 785 φοβεῖσθε
1292 730 1371 776 ἀπὸ

556 804 677 873 τῶν
674 803 1013 858 ἀποκτενόντων
1016 802 1071 849 τὸ
1084 806 1230 848 σῶμα.
1239 806 1308 848 τὴν
1306 787 1372 860 δὲ

578 872 724 932 ψϋχὴν
802 867 1069 918 δϋναμένων
1077 857 1375 912 ἀποκτεῖναι·
727 871 799 920 μὴ

566 929 786 987 φοβήθητε
793 926 852 977 δὲ
861 928 1048 980 μᾶλλον,
1046 920 1124 974 τὸν
1130 910 1391 975 δϋνάμενον

565 996 613 1051 <+>
774 993 853 1043 καὶ
859 983 988 1034 σῶμα
1002 983 1235 1034 ἀπολέσαι
1238 979 1340 1028 ἐν
620 995 776 1048 ψϋχὴν

821 1045 909 1109 οὐχὶ
910 1038 997 1092 δύο
1001 1045 1174 1097 στρουθία
1177 1034 1380 1098 ἀσσαρίου
575 1054 805 1113 γεέννη·

866 1115 936 1165 καὶ
943 1107 1002 1166 ἓν
1007 1108 1060 1170 ἐξ
1073 1112 1203 1159 αὐτῶν
1211 1108 1247 1161 οὐ
1259 1106 1372 1159 πεσεῖ
584 1118 854 1172 πωλεῖται;

581 1191 663 1234 ται
670 1181 761 1230 ἐπὶ
765 1182 839 1231 τὴν
846 1182 943 1231 γῆν,
949 1172 1069 1223 ἂνευ
1070 1165 1149 1221 τοῦ
1148 1167 1255 1227 πρς
1261 1168 1408 1231 ὑμῶν·

584 1239 714 1295 ὑμῶν
709 1235 775 1289 δὲ
784 1237 853 1286 καὶ
861 1245 905 1293 αἱ
913 1232 1057 1288 τρίχες
1057 1233 1112 1286 τῆς
1118 1232 1363 1287 κεφαλῆς

756 1297 1051 1362 ἠρϊθμημέναι
1058 1294 1185 1352 εἰσί·
1194 1294 1273 1354 μὴ
1268 1288 1359 1360 οὖν
582 1306 768 1360 πᾶσαι

573 1364 884 1427 φοβηθῆτε·
901 1369 1059 1425 πολλῶ
1064 1362 1361 1416 στρουθίων

572 1437 867 1483 δϊαφέρετε
869 1432 1050 1490 ὑμεῖς·
1081 1423 1180 1486 πᾶς
1181 1422 1257 1479 οὖν
1259 1419 1384 1491 ὅστις
