1680 1995
495 226 706 299 λέγοντος,
731 235 828 296 ἰδοὺ
835 246 884 294 ἡ
886 240 1125 301 παρθένος
1138 249 1177 302 ἐν
1183 226 1288 300 Γαστρὶ

489 304 620 365 ἕξει·
635 310 712 366 καὶ
718 311 889 365 τέξεται
894 311 1001 365 υἱόν·
1012 312 1081 356 καὶ
1087 311 1259 368 καλέσου

494 381 548 419 σι
556 379 609 422 τὸ
612 372 771 425 ὄνομα
776 374 909 424 αὐτοῦ
920 372 1233 426 ἐμμανουήλ·

498 435 538 480 ὅ
542 436 618 494 ἐστι
628 431 1098 487 μεθερμηνευόμενον,
1106 431 1186 490 μεθ᾽
1189 426 1282 486 ἡμῶν

497 497 519 543 ὁ
523 494 652 548 θς·
680 487 917 549 διεγερθεὶς
919 489 984 540 δὲ
999 500 1022 544 ὁ
1034 496 1187 552 ἰωσὴφ
1192 499 1277 548 ἀπὸ

435 551 536 608 Τοῦ
542 553 741 613 ὕπνου,
741 555 957 609 ἐποίησεν
962 556 1024 602 ὡς
1037 557 1295 612 προσέταξεν

500 618 615 659 αὐτῶ
619 621 654 659 ὁ
657 617 805 666 ἄγγελος
813 611 893 662 κυ·
910 617 947 667 <+>
954 617 1186 664 παρέλαβε
1186 618 1250 667 τὴν

498 674 706 731 γυναῖκα
714 677 858 719 αὐτοῦ·
869 677 939 725 καὶ
946 675 1012 726 οὐκ
1016 671 1254 727 ἐγίνωσκεν

502 737 650 790 αὐτήν.
665 735 749 781 ἕως
762 730 810 779 οῦ
827 729 957 785 ἔτεκε
970 737 1037 787 τὸν
1048 736 1141 789 υἱὸν
1148 731 1255 784 αὐτῆς

499 803 575 856 τὸν
576 796 885 849 πρωτότοκον·
897 793 967 846 καὶ
972 792 1163 844 ἐκάλεσε
1178 795 1241 843 τὸ

503 861 656 912 ὄνομα
666 859 799 906 αὐτοῦ
811 856 891 907 ἰν·
956 856 1037 902 τοῦ
1044 853 1104 901 δὲ
1115 855 1163 904 ἰῦ
1166 863 1248 908 γεν

441 916 682 972 νηθέντος
684 914 749 971 ἐν
754 915 980 968 βηθλεὲμ
981 920 1061 964 τῆς
1065 912 1266 967 ἰουδαίας.

494 978 565 1031 ἐν
573 976 781 1023 ἡμέραις
786 972 961 1024 ἡρώδου
964 971 1038 1023 τοῦ
1045 973 1284 1023 βασιλέως,

503 1035 598 1088 ἰδοὺ
613 1037 723 1095 μάγοι
729 1036 821 1093 ἀπὸ
823 1032 1078 1093 ἀνατολῶν,
1082 1040 1274 1088 παρεγέ
1376 1038 1394 1068 α

502 1107 640 1154 νοντο
657 1104 717 1154 εἰς
728 1103 1046 1155 ἱεροσόλϋμα·
1049 1100 1257 1156 λέγοντες

502 1168 612 1214 ποῦ
624 1163 724 1208 ἐστιν
735 1172 759 1212 ὁ
760 1162 912 1207 τεχθεὶς
919 1165 1127 1209 βασιλεὺς
1134 1160 1252 1205 τῶν

502 1217 752 1271 ἰουδαίων·
762 1215 959 1273 εἴδομεν
965 1219 1045 1274 γὰρ
1054 1217 1173 1267 αὐτοῦ
1177 1217 1261 1268 τὸν

504 1285 689 1344 ἀστέρα
698 1277 750 1334 ἐν
756 1287 826 1329 τῆ
835 1277 1052 1336 ἀνατολῆ.
1058 1279 1125 1328 καὶ
1141 1275 1292 1328 ἤλθομεν

475 1348 846 1413 προσκϋνῆσαι
854 1347 994 1394 αὐτῶ·
1027 1340 1216 1401 ἀκούσας
1220 1341 1282 1393 δὲ

479 1477 560 1543 α:
727 1463 799 1535 τῶν
800 1460 981 1530 μάγων:
655 1450 718 1548 πε[30]
