1734 1988
507 293 608 353 Καὶ
615 288 646 352 ὁ
657 291 877 346 ἀπολέσας
875 273 934 338 τὴν
940 277 1072 351 ψϋχὴν
1084 280 1193 349 αὐτοῦ
1203 276 1346 349 ἕνεκεν

562 353 697 406 ἐμοῦ,
701 357 879 406 εὑρήσει
886 357 1041 408 αὐτήν·
1069 359 1097 401 ὁ
1095 352 1348 407 δεχόμενος

559 417 700 469 ὑμᾶς,
701 412 805 464 ἐμὲ
809 413 987 468 δέχεται·
1002 427 1080 463 καὶ
1083 424 1107 468 ὁ
1112 425 1203 472 ἐμὲ
1211 410 1323 478 δεχό

562 487 727 533 μενος,
724 471 867 537 δέχεται
873 486 941 536 τὸν
950 482 1279 529 ἀποστείλαντά
1282 480 1343 529 με

560 541 587 594 ὁ
589 533 838 600 δεχόμενος
841 543 1095 595 προφήτην
1099 539 1160 599 εἰς
1165 539 1327 593 ὄνομα

564 603 839 655 προφήτου,
847 601 1003 659 μϊσθὸν
1007 600 1254 656 προφήτου
1252 600 1329 654 λή

552 660 723 714 ψεται·
745 670 824 715 καὶ
827 664 847 712 ὁ
852 662 1078 714 δεχόμενος
1080 661 1257 719 δίκαιον
1263 664 1332 709 εἰς

545 720 706 772 ὄνομα
708 712 908 772 δϊκαίου,
903 726 1058 781 μϊσθὸν
1058 720 1232 768 δϊκαίου
1232 724 1334 775 λή

533 776 710 841 ψεται·
737 783 823 838 καὶ
825 780 880 839 ὃς
890 785 974 841 ἐὰν
982 783 1170 843 ποτίση
1178 783 1273 841 ἕνα
1278 780 1360 842 τῶν

552 849 737 905 μϊκρῶν
734 840 914 901 τούτων.
917 850 1140 902 ποτήρϊον
1141 849 1323 900 ψϋχροῦ·

555 916 728 973 μόνον
732 905 786 971 εἰς
791 906 945 971 ὄνομα
955 911 1170 973 μαθητοῦ,
1173 912 1328 969 ἀμὴν

545 973 668 1033 λέγω
668 973 788 1029 ὑμῗν,
792 971 839 1033 οὐ
844 970 930 1030 μὴ
932 976 1154 1032 ἀπολέση
1167 974 1209 1034 τὸν
1209 972 1367 1031 μϊσθόν

547 1034 720 1086 αὐτοῦ·
769 1038 850 1082 καὶ
857 1036 1039 1092 ἐγένετο
1057 1041 1153 1089 ὅτε
1158 1037 1314 1097 ἐτέλε

547 1101 639 1160 σεν
642 1097 667 1154 ὁ
673 1092 721 1154 ἰς
727 1095 1001 1160 διατάσσων
1004 1101 1105 1157 τοῖς
1109 1098 1325 1156 δώδεκα

555 1164 766 1218 μαθηταῖς
783 1159 928 1213 αὐτοῦ,
943 1161 1106 1213 μετέβη
1115 1166 1274 1219 ἐκεῖθεν
1269 1161 1334 1222 τοῦ

527 1217 791 1280 διδάσκειν
807 1221 883 1274 καὶ
891 1225 1125 1280 κηρΰσσειν
1134 1223 1192 1283 ἐν
1198 1226 1313 1276 ταῖς

541 1282 729 1342 πόλεσϊν
735 1285 918 1337 αὐτῶν·
974 1289 1004 1347 ὁ
1001 1279 1062 1336 δὲ
1075 1286 1313 1344 ἰωάννης

483 1348 731 1401 Ἀκούσας
733 1348 789 1403 ἐν
793 1353 859 1403 τῶ
863 1345 1121 1405 δεσμωτηρίω
1120 1356 1192 1409 τὰ
1199 1351 1341 1408 ἔργα

533 1407 598 1477 τοῦ
599 1406 672 1497 χῦ,
682 1411 878 1474 πέμψας
882 1407 967 1477 δύο
976 1415 1070 1481 τῶν
1073 1413 1272 1479 μαθητῶν
1269 1408 1377 1473 αὐτοῦ,

456 1528 533 1611 κ:
550 1516 634 1604 πε[30]
636 1538 710 1602 τῶν
715 1538 1009 1603 ἀποσταλέντων
1015 1549 1118 1614 παρὰ
1128 1518 1356 1616 ἰωάννου:
