1638 1980
435 260 747 355 ὀλϊγόπϊστοι;
779 284 852 355 μὴ
857 285 932 345 οὖν
937 268 1231 352 μερϊμνήσητε.

399 359 617 412 Λέγοντες,
629 361 684 406 τί
685 361 892 411 φάγωμεν·
901 354 948 418 ἢ
948 360 998 417 τί
998 362 1201 416 πίωμεν·

450 423 493 473 ἢ
497 420 555 467 τί
556 422 948 471 περιβαλλώμεθα·
962 423 1122 477 πάντα
1128 422 1206 482 γὰρ

443 485 597 535 ταῦτα,
597 478 656 532 τὰ
665 474 767 532 ἔθνη
774 479 1029 540 ἐπιζητεῖ·
1040 478 1134 533 οἶδε
1143 487 1209 541 γὰρ

447 544 480 593 ὁ
478 540 585 592 πὴρ
589 546 701 592 ὑμῶν
707 548 739 595 ὁ
746 544 903 589 οὐνιος.
908 546 994 586 ὅτϊ
994 546 1213 601 χρήζετε

428 597 593 654 τούτων
594 600 836 655 ἁπάντων·
875 606 1078 657 ζητεῖτε
1085 600 1135 655 δὲ
1140 606 1217 661 πρῶ

443 676 522 729 τον
525 666 589 723 τὴν
598 668 816 719 βασιλείαν
819 661 882 721 τοῦ
888 663 981 715 θῦ.
989 668 1048 715 καὶ
1061 668 1132 721 τὴν
1135 668 1194 717 δϊ

449 730 691 776 καιοσύνην
694 725 840 774 αὐτοῦ·
853 730 927 779 καὶ
935 726 1061 768 ταῦτα
1066 725 1197 775 πάντα,

438 775 785 834 προστεθήσετε
781 778 931 834 ὑμῖν·
956 780 1028 834 μὴ
1032 778 1101 839 οὖν
1105 787 1201 840 μερι

440 838 636 896 μνήσητε
638 841 701 896 εἰς
708 843 781 895 τὴν
788 839 949 891 αὔριον·
964 842 997 891 ἡ
1005 843 1085 894 γὰρ
1091 842 1210 897 αὔριον,

442 903 717 958 μεριμνήσει
723 908 782 951 τὰ
792 905 962 955 ἑαυτῆς·
976 907 1152 961 ἀρκετὸν
1159 900 1212 956 τῆ

431 961 604 1010 ἡμέρα
613 961 643 1008 ἡ
651 964 790 1010 κακία
797 964 952 1011 αὐτῆς·
999 967 1062 1009 μὴ
1068 966 1222 1013 κρίνετε.

385 1013 498 1083 Ἵνα
506 1019 567 1075 μὴ
571 1022 786 1078 κριθῆτε·
791 1023 848 1076 ἐν
853 1014 891 1081 ὧ
900 1024 966 1084 γὰρ
973 1023 1141 1077 κρίματι
1143 1028 1221 1076 κρί

444 1086 583 1147 νετε,
587 1085 874 1145 κριθήσεσθε·
886 1086 946 1147 καὶ
951 1085 1000 1142 ἐν
1007 1083 1049 1141 ὧ
1056 1083 1190 1144 μέτρω

444 1146 664 1200 μετρεῖτε,
675 1148 960 1199 μετρηθήσεται
970 1148 1088 1205 ὑμῖν·
1098 1149 1153 1199 τί
1151 1155 1206 1202 δε

446 1206 633 1258 βλέπεις
642 1206 685 1255 τὸ
692 1208 866 1265 κάρφος
873 1211 916 1255 τὸ
923 1207 962 1256 ἐν
970 1207 1027 1254 τῶ
1030 1206 1220 1263 ὀφθαλμῶ

433 1265 518 1318 τοῦ
520 1264 724 1325 ἀδελφοῦ
724 1282 823 1316 σου·
835 1274 905 1316 τὴν
908 1261 957 1313 δὲ
968 1269 1023 1323 ἐν
1027 1273 1078 1323 τῶ
1079 1271 1193 1321 σῶ

437 1329 678 1381 ὀφθαλμῶ
683 1328 804 1385 δοκὸν
806 1330 853 1384 οὐ
856 1329 1125 1384 κατανοεῖς·
1139 1325 1198 1382 ἢ

444 1386 550 1446 πῶς
553 1386 698 1451 ἐρεῖς
702 1392 768 1457 τῶ
770 1388 963 1453 ἀδελφῶ
966 1386 1059 1449 σου,
1064 1386 1202 1461 ἄφες
