1722 1995
445 272 576 346 βοόζ
582 265 640 341 δὲ
646 254 858 341 ἐγέννησε
862 287 940 347 τὸν
946 286 1093 345 ὠβήδ.
1101 297 1144 343 ἐκ
1149 295 1231 347 τῆς

454 353 613 412 ῥούθ·
643 351 774 402 ὠβὴδ
786 351 849 402 δὲ
859 352 1065 402 ἐγέννησε,
1071 358 1130 405 τὸν
1134 353 1260 407 ἰεσσαι·

444 416 599 470 ἰεσσαί
607 413 669 462 δὲ
679 409 902 471 ἐγέννησε,
909 419 971 471 τὸν
975 412 1067 470 δαδ
1073 419 1128 473 τὸν
1137 410 1290 475 βασϊλέα·

435 481 546 531 δαδ
552 482 619 533 δὲ
629 483 656 526 ὁ
662 485 898 532 βασιλεὺς,
908 481 1120 531 ἐγέννησε
1128 483 1221 534 τὸν

461 542 710 593 σολομῶν
723 542 769 588 ἐκ
773 543 846 591 τῆς
849 539 917 590 τοὺ
1130 550 1244 599 σολο
926 539 1121 596 οὐρίου·

446 608 557 662 μῶν
565 605 630 664 δὲ
636 610 852 661 ἐγέννησε
861 608 927 668 τὸν
931 611 1181 660 ῥοβοάμ·

446 670 663 723 ῥοβοάμ
667 669 720 719 δὲ
728 670 925 721 ἐγέννησε
933 673 997 729 τὸν
1001 673 1144 716 ἀβιά·
1148 674 1259 724 ἀβιά

427 727 521 779 δὲ
525 726 737 793 ἐγέννησε
751 731 822 785 τὸν
830 730 948 783 ἀσά·
969 728 1064 775 ἀσά
1065 721 1130 775 δὲ
1137 725 1241 787 ἐγέν

455 793 599 849 νησε
600 795 671 848 τὸν
678 789 912 845 ἰωσαφάτ·
937 791 1163 848 ἰωσαφάτ
1173 790 1248 842 δὲ

446 858 677 912 ἐγέννησε
685 855 767 910 τὸν
771 855 995 913 ἰωράμ·
1015 855 1161 909 ἰωράμ
1159 849 1235 908 δὲ

458 921 688 977 ἐγέννησε
694 920 781 974 τὸν
781 920 976 973 ὀξίαν·
997 920 1157 970 ὀξίας
1157 912 1227 963 δὲ

455 983 684 1033 ἐγέννησε
690 984 774 1034 τὸν
776 983 1027 1036 ἰωάθαμ·
1043 981 1250 1033 ἰωάθαμ

447 1035 519 1090 δὲ
526 1036 744 1097 ἐγέννησε
761 1043 826 1091 τὸν
828 1041 983 1097 ἄχαζ·
1003 1039 1115 1096 ἄχαζ
1121 1034 1208 1090 δὲ

455 1102 687 1152 ἐγέννησε
697 1102 771 1154 τὸν
780 1103 998 1151 ἐξεκίαν·
1025 1102 1240 1149 ἐζεκίας

442 1156 520 1213 δὲ
518 1155 727 1213 ἐγέννησε
730 1164 808 1214 τὸν
813 1152 1086 1216 μανασσῆν·
1096 1168 1257 1214 μανασ

454 1222 538 1271 σῆς
545 1217 605 1272 δὲ
614 1216 832 1279 ἐγέννησε
844 1222 925 1281 τὸν
928 1221 1073 1278 ἀμών·
1086 1218 1210 1276 ἀμών
1217 1214 1265 1274 δὲ

449 1281 681 1344 ἐγέννησε
689 1291 767 1347 τὸν
768 1285 963 1342 ἰωσίαν·
985 1284 1156 1336 ἰωσίας
1154 1279 1244 1335 δὲ

454 1349 675 1405 ἐγέννησε
682 1355 761 1415 τὸν
763 1345 949 1414 ἰεχονίαν
961 1348 1031 1405 καὶ
1035 1349 1111 1403 τοὺς
1121 1339 1288 1406 ἀδελφούς

443 1414 590 1465 αὐτοῦ
595 1412 676 1469 ἐπὶ
678 1421 752 1471 τῆς
758 1427 1046 1478 μετοικεσίας
1054 1414 1289 1479 βαβϋλῶνος·
