1709 1980
517 251 721 351 ἐκβάλω
965 271 1049 342 ἀπὸ
717 278 775 349 τὸ
769 278 962 343 κάρφος
1107 237 1338 332 ὀφθαλμοῦ
1050 250 1103 338 τοῦ

548 361 667 406 σου·
670 355 757 405 καὶ
762 348 849 403 ἰδοὺ
858 351 900 405 ἡ
900 345 1022 402 δοκὸς
1090 346 1155 410 τῶ
1028 347 1083 404 ἐν
1156 334 1348 406 ὀφθαλμῶ

524 416 661 477 σου·
665 410 937 471 ὑποκρϊτά·
943 410 1119 469 ἔκβαλε
1121 410 1315 468 πρῶτον

524 477 631 539 τὴν
629 476 756 537 δοκὸν
816 479 892 533 τοῦ
1131 474 1247 525 σου·
754 473 815 541 ἐκ
896 474 1132 527 ὀφθαλμοῦ
1251 471 1327 528 <+>

537 550 672 592 τότε
673 541 938 591 δϊαβλέψεις
1142 534 1197 589 τὸ
942 536 1141 587 ἐκβαλεῖν
1196 530 1345 594 κάρφος

684 599 904 662 ὀφθαλμοῦ
543 603 609 669 ἐκ
609 597 684 665 τοῦ
904 594 963 655 τοῦ
965 589 1175 652 ἀδελφοῦ
1176 598 1304 647 σου·

586 666 703 725 δῶτε
704 671 763 726 τὸ
481 673 588 730 Μὴ
762 667 863 724 ἅγϊον
869 669 958 718 τοῖς
962 658 1088 718 κϋσί·
1099 655 1225 715 μηδὲ
1231 650 1347 716 γάλητε

537 736 653 791 τοὺς
934 723 1057 775 ὑμῶν
652 732 930 785 μαργαρΐτας
1064 721 1332 774 ἔμπροσθεν

550 791 652 848 τῶν
656 787 842 849 χοίρων·
1028 772 1359 835 καταπατήσωσ[3]
855 782 1017 842 μήποτε

1262 840 1341 899 στρα
1183 840 1254 895 καὶ
1023 838 1176 900 αὐτῶν·
871 840 1022 898 ποσὶν
778 850 860 901 τοῖς
715 856 768 900 ἐν
551 860 700 905 αὐτοὺς

1308 903 1355 956 <+>
1110 905 1304 958 αἰτεῖτε·
915 899 1075 961 ὑμᾶς·
727 915 912 971 ῥήξωσιν
554 908 723 973 φέντες,

1269 957 1354 1017 εὑρή
1201 959 1272 1018 καὶ
956 970 1198 1017 ζητεῖτε·
818 969 948 1024 ὑμῖν·
550 976 815 1029 δοθήσεται

1259 1023 1376 1072 ὑμῗν·
995 1028 1260 1084 ἀνοιγήσεται
915 1031 994 1090 καὶ
704 1036 914 1092 κρούετε·
552 1034 692 1093 σετε·

1262 1081 1369 1140 ζητῶν,
1239 1091 1254 1150 ὁ
1160 1091 1230 1140 καὶ
925 1094 1152 1144 λαμβάνει·
795 1096 925 1149 αἰτῶν.
755 1101 791 1153 ὁ
679 1103 752 1157 γὰρ
556 1102 674 1156 πᾶς

1138 1150 1391 1204 ἀνοιγήσεται·
927 1154 1134 1206 κρούοντϊ
870 1159 930 1214 τῶ
785 1162 869 1211 καὶ
557 1165 774 1215 εὑρίσκει·

1242 1206 1346 1263 αἰτή
1167 1210 1237 1275 ἐὰν
1111 1215 1161 1269 ὃν
957 1214 1104 1274 ἄνος.
832 1215 956 1281 ὑμῶν
755 1223 828 1288 ἐξ
646 1228 749 1283 εστιν
557 1225 642 1287 τίς
490 1225 553 1300 Ἢ

1260 1269 1337 1329 ἐπι
1137 1273 1258 1341 λΐθον
1054 1278 1134 1337 μὴ
895 1281 1047 1338 ἄρτον,
754 1282 891 1336 αὐτοῦ
665 1288 750 1338 υἱὸς
640 1292 669 1337 ὁ
550 1295 628 1339 ση

1165 1341 1350 1396 αἰτήση,
1036 1337 1163 1407 ἰχθῢν
949 1344 1035 1407 ἐὰν
867 1342 953 1409 καὶ
700 1342 840 1404 αὐτῶ;
552 1347 698 1413 δώσει

751 1404 962 1478 ἐπιδώσει
644 1413 753 1478 ὄφιν
560 1418 640 1478 μὴ
966 1404 1106 1476 αὐτῶ;
1112 1404 1151 1475 εἰ
1151 1402 1218 1458 οὖν
1222 1400 1354 1481 ὑμεῖς
