1679 1995
505 296 719 359 κϋνήσω
726 300 873 363 αὐτῶ·
905 312 949 374 oἱ
951 300 1026 373 δὲ
1034 310 1293 386 ἀκούσαντες

492 364 548 435 τοῦ
554 376 801 435 βασιλέως,
811 383 1139 441 ἐπορεύθησαν·
1151 396 1257 453 καὶ

487 437 577 484 Ἰδοὺ
582 440 611 483 ὁ
613 438 743 493 ἀστὴρ
754 441 807 499 ὃν
819 436 926 500 εἶδον
934 442 987 502 ἐν
993 459 1056 498 τῆ
1063 456 1273 510 ἀνατολῆ,

486 506 697 561 προῆγεν
702 508 867 558 αὐτούς,
878 515 960 559 ἕως
970 518 1097 568 ἐλθὼν
1111 520 1170 568 ἔστη
1182 527 1272 573 ἐπάνω

493 564 544 613 οὗ
554 562 599 620 ἦν
610 566 659 617 τὸ
662 567 872 622 παιδίον·
897 573 1049 633 ἰδόντες
1053 576 1113 631 δὲ
1122 584 1181 636 τὸν
1187 577 1291 635 ἀστέρα,

489 629 692 686 ἐχάρησαν
696 633 833 690 χαρὰν
840 638 1001 691 μεγάλην
1006 639 1205 699 σφόδρα·
1216 639 1245 699 <+>

483 693 693 747 ἐλθόντες
699 695 754 749 εἰς
761 699 833 748 τὴν
840 696 1000 757 οἰκίαν,
1010 696 1118 762 εἶδον
1127 705 1170 761 τὸ
1172 718 1246 759 παι

479 751 589 805 δίον
597 750 709 809 μετὰ
711 766 877 815 μαρίας
884 773 955 812 τῆς
965 769 1046 823 μρς
1060 774 1197 819 αὐτοῦ·
1203 767 1249 827 <+>

498 816 717 872 πεσόντες
727 832 1060 880 προσεκύνησαν
1069 837 1193 880 αὐτῶ·
1207 836 1250 889 <+>

477 878 754 938 ἀνοίξαντες
762 887 854 934 τοὺς
864 891 1101 943 θησαυροὺς
1110 895 1265 946 αὐτῶν,

490 946 788 995 προσήνεγκαν
790 950 904 997 αὐτῶ
907 944 1048 1007 δῶρα·
1065 960 1241 1009 χρϋσόν·

481 999 515 1058 <+>
522 999 726 1055 λΐβανον·
732 1009 797 1051 καὶ
808 1020 1013 1068 σμΰρναν·
1031 1020 1094 1063 καὶ
1100 1024 1255 1074 χρημα

488 1069 719 1110 τισθέντες
723 1078 929 1123 κατόναρ
937 1078 992 1125 μὴ
999 1081 1248 1131 ἀνακάμψαι,

487 1128 623 1176 πρὸς
630 1132 824 1183 ἡρώδην,
825 1132 877 1180 δι᾽
878 1138 995 1186 ἄλλης
1003 1132 1094 1183 ὁδοῦ
1103 1140 1259 1197 ἀνεχώ

477 1192 631 1250 ρησαν
640 1189 697 1241 εἰς
703 1189 776 1244 τὴν
782 1193 916 1242 χῶραν
926 1195 1094 1247 αὐτῶν·
1123 1202 1237 1253 ἀνα

441 1252 747 1296 χωρήσαντων
749 1251 806 1295 δὲ
818 1254 975 1302 αὐτῶν,
986 1256 1074 1302 ἰδοὺ
1081 1260 1235 1310 ἄγγελος

495 1308 554 1360 κυ
563 1309 750 1363 φαίνεται
765 1321 943 1371 κατόναρ
949 1324 1012 1364 τῶν
1021 1321 1220 1364 ἰωσήφ·

495 1374 639 1433 λέγων,
653 1374 831 1429 ἐγερθεὶς
843 1380 1074 1436 παράλαβε
1080 1380 1123 1426 τὸ
1129 1374 1282 1430 παιδίον

487 1434 523 1490 <++>
526 1437 607 1489 τὴν
615 1440 706 1497 μ{1}ρα
717 1436 861 1490 αὐτοῦ·
864 1442 906 1497 <++>
910 1441 1055 1502 φεῦγε
1065 1441 1117 1508 εἰς
1123 1441 1274 1522 αἴΓϋπτον·
