<?xml version="1.0" encoding="utf-8"?>
<PcGts xmlns:xsd="http://www.w3.org/2001/XMLSchema" xmlns:xsi="http://www.w3.org/2001/XMLSchema-instance" xmlns="http://schema.primaresearch.org/PAGE/gts/pagecontent/2013-07-15">
  <Metadata>
    <Creator>Transpro</Creator>
    <Created>2019-10-16T21:00:00Z</Created>
    <LastChange>0001-01-01T00:00:00</LastChange>
  </Metadata>
  <Page imageFilename="6791 (13).png" imageWidth="624" imageHeight="802">
    <TextRegion id="r0">
      <Coords points="9,26 601,26 601,768 9,768" />
      <TextLine id="r0l0">
        <Coords points="42,26 527,26 527,58 42,58" />
        <Word id="r0l0w2">
          <Coords points="42,34 66,34 66,58 42,58" />
          <TextEquiv>
            <Unicode>ἐστὶ</Unicode>
          </TextEquiv>
        </Word>
        <Word id="r0l0w3">
          <Coords points="74,31 101,31 101,49 74,49" />
          <TextEquiv>
            <Unicode>διὰ</Unicode>
          </TextEquiv>
        </Word>
        <Word id="r0l0w4">
          <Coords points="108,28 125,28 125,48 108,48" />
          <TextEquiv>
            <Unicode>τὸ</Unicode>
          </TextEquiv>
        </Word>
        <Word id="r0l0w5">
          <Coords points="129,26 220,26 220,52 129,52" />
          <TextEquiv>
            <Unicode>ἀσύγχυτον,</Unicode>
          </TextEquiv>
        </Word>
        <Word id="r0l0w6">
          <Coords points="237,31 264,31 264,53 237,53" />
          <TextEquiv>
            <Unicode>καὶ</Unicode>
          </TextEquiv>
        </Word>
        <Word id="r0l0w7">
          <Coords points="272,34 336,34 336,56 272,56" />
          <TextEquiv>
            <Unicode>κράσις</Unicode>
          </TextEquiv>
        </Word>
        <Word id="r0l0w8">
          <Coords points="342,34 375,34 375,50 342,50" />
          <TextEquiv>
            <Unicode>διὰ</Unicode>
          </TextEquiv>
        </Word>
        <Word id="r0l0w9">
          <Coords points="381,32 411,32 411,52 381,52" />
          <TextEquiv>
            <Unicode>τὸν</Unicode>
          </TextEquiv>
        </Word>
        <Word id="r0l0w10">
          <Coords points="417,30 483,30 483,56 417,56" />
          <TextEquiv>
            <Unicode>τρόπον</Unicode>
          </TextEquiv>
        </Word>
        <Word id="r0l0w11">
          <Coords points="486,32 527,32 527,51 486,51" />
          <TextEquiv>
            <Unicode>τῆς</Unicode>
          </TextEquiv>
        </Word>
        <TextEquiv>
          <Unicode>ἐστὶ διὰ τὸ ἀσύγχυτον, καὶ κράσις διὰ τὸν τρόπον τῆς</Unicode>
        </TextEquiv>
      </TextLine>
      <TextLine id="r0l1">
        <Coords points="43,65 528,65 528,99 43,99" />
        <Word id="r0l1w12">
          <Coords points="43,72 144,72 144,99 43,99" />
          <TextEquiv>
            <Unicode>ἀντιδόσεως.</Unicode>
          </TextEquiv>
        </Word>
        <Word id="r0l1w13">
          <Coords points="156,68 186,68 186,95 156,95" />
          <TextEquiv>
            <Unicode>ἔστι</Unicode>
          </TextEquiv>
        </Word>
        <Word id="r0l1w14">
          <Coords points="194,65 224,65 224,92 194,92" />
          <TextEquiv>
            <Unicode>οὖν</Unicode>
          </TextEquiv>
        </Word>
        <Word id="r0l1w15">
          <Coords points="230,69 267,69 267,89 230,89" />
          <TextEquiv>
            <Unicode>αὐτὸ</Unicode>
          </TextEquiv>
        </Word>
        <Word id="r0l1w16">
          <Coords points="275,71 314,71 314,94 275,94" />
          <TextEquiv>
            <Unicode>πρὸς</Unicode>
          </TextEquiv>
        </Word>
        <Word id="r0l1w17">
          <Coords points="322,69 346,69 346,91 322,91" />
          <TextEquiv>
            <Unicode>τὸ</Unicode>
          </TextEquiv>
        </Word>
        <Word id="r0l1w18">
          <Coords points="349,68 470,68 470,94 349,94" />
          <TextEquiv>
            <Unicode>πρόσχημμα</Unicode>
          </TextEquiv>
        </Word>
        <Word id="r0l1w19">
          <Coords points="476,65 528,65 528,92 476,92" />
          <TextEquiv>
            <Unicode>καὶ</Unicode>
          </TextEquiv>
        </Word>
        <TextEquiv>
          <Unicode>ἀντιδόσεως. ἔστι οὖν αὐτὸ πρὸς τὸ πρόσχημμα καὶ</Unicode>
        </TextEquiv>
      </TextLine>
      <TextLine id="r0l2">
        <Coords points="45,102 562,102 562,142 45,142" />
        <Word id="r0l2w20">
          <Coords points="45,119 57,119 57,142 45,142" />
          <TextEquiv>
            <Unicode>ἡ</Unicode>
          </TextEquiv>
        </Word>
        <Word id="r0l2w21">
          <Coords points="58,112 100,112 100,139 58,139" />
          <TextEquiv>
            <Unicode>μίξις</Unicode>
          </TextEquiv>
        </Word>
        <Word id="r0l2w22">
          <Coords points="111,112 160,112 160,135 111,135" />
          <TextEquiv>
            <Unicode>καινὴ</Unicode>
          </TextEquiv>
        </Word>
        <Word id="r0l2w23">
          <Coords points="172,115 200,115 200,131 172,131" />
          <TextEquiv>
            <Unicode>καὶ</Unicode>
          </TextEquiv>
        </Word>
        <Word id="r0l2w24">
          <Coords points="208,109 219,109 219,129 208,129" />
          <TextEquiv>
            <Unicode>ἡ</Unicode>
          </TextEquiv>
        </Word>
        <Word id="r0l2w25">
          <Coords points="226,103 284,103 284,127 226,127" />
          <TextEquiv>
            <Unicode>κράσις</Unicode>
          </TextEquiv>
        </Word>
        <Word id="r0l2w26">
          <Coords points="293,107 423,107 423,134 293,134" />
          <TextEquiv>
            <Unicode>παράδοξος:-</Unicode>
          </TextEquiv>
        </Word>
        <Word id="r0l2w27">
          <Coords points="436,102 478,102 478,130 436,130" />
          <TextEquiv>
            <Unicode>Περὶ</Unicode>
          </TextEquiv>
        </Word>
        <Word id="r0l2w28">
          <Coords points="482,106 562,106 562,130 482,130" />
          <TextEquiv>
            <Unicode>κενοῦ:-</Unicode>
          </TextEquiv>
        </Word>
        <TextEquiv>
          <Unicode>ἡ μίξις καινὴ καὶ ἡ κράσις παράδοξος:- Περὶ κενοῦ:-</Unicode>
        </TextEquiv>
      </TextLine>
      <TextLine id="r0l3">
        <Coords points="9,136 601,136 601,181 9,181" />
        <Word id="r0l3w29">
          <Coords points="7,150 33,150 33,192 7,192" />
          <TextEquiv>
            <Unicode>Τ</Unicode>
          </TextEquiv>
        </Word>
        <Word id="r0l3w30">
          <Coords points="54,149 111,149 111,175 54,175" />
          <TextEquiv>
            <Unicode>κενόν,</Unicode>
          </TextEquiv>
        </Word>
        <Word id="r0l3w31">
          <Coords points="119,152 141,152 141,172 119,172" />
          <TextEquiv>
            <Unicode>οὐ</Unicode>
          </TextEquiv>
        </Word>
        <Word id="r0l3w32">
          <Coords points="150,151 219,151 219,175 150,175" />
          <TextEquiv>
            <Unicode>πάντες,</Unicode>
          </TextEquiv>
        </Word>
        <Word id="r0l3w33">
          <Coords points="233,148 260,148 260,177 233,177" />
          <TextEquiv>
            <Unicode>ἀλλ᾽</Unicode>
          </TextEquiv>
        </Word>
        <Word id="r0l3w34">
          <Coords points="265,145 310,145 310,174 265,174" />
          <TextEquiv>
            <Unicode>ἔνιοι</Unicode>
          </TextEquiv>
        </Word>
        <Word id="r0l3w35">
          <Coords points="312,151 348,151 348,169 312,169" />
          <TextEquiv>
            <Unicode>τῶν</Unicode>
          </TextEquiv>
        </Word>
        <Word id="r0l3w36">
          <Coords points="351,147 458,147 458,175 351,175" />
          <TextEquiv>
            <Unicode>φιλοσόφων</Unicode>
          </TextEquiv>
        </Word>
        <Word id="r0l3w37">
          <Coords points="466,145 535,145 535,169 466,169" />
          <TextEquiv>
            <Unicode>εἰσήνε-</Unicode>
          </TextEquiv>
        </Word>
        <Word id="r0l3w38">
          <Coords points="569,136 601,136 601,175 569,175" />
          <TextEquiv>
            <Unicode>ιζ´.</Unicode>
          </TextEquiv>
        </Word>
        <Word id="r0l3w167">
          <Coords points="35,154 54,154 54,172 35,172" />
          <TextEquiv>
            <Unicode>ὸ</Unicode>
          </TextEquiv>
        </Word>
        <TextEquiv>
          <Unicode>Τ   ὸ κενόν, οὐ πάντες, ἀλλ᾽ ἔνιοι τῶν φιλοσόφων εἰσήνε-     ιζ´.</Unicode>
        </TextEquiv>
      </TextLine>
      <TextLine id="r0l4">
        <Coords points="37,183 546,183 546,222 37,222" />
        <Word id="r0l4w163">
          <Coords points="135,183 179,183 179,212 135,212" />
          <TextEquiv>
            <Unicode>λόγῳ</Unicode>
          </TextEquiv>
        </Word>
        <Word id="r0l4w40">
          <Coords points="37,187 83,187 83,222 37,222" />
          <TextEquiv>
            <Unicode>γκάν</Unicode>
          </TextEquiv>
        </Word>
        <Word id="r0l4w41">
          <Coords points="84,189 104,189 104,216 84,216" />
          <TextEquiv>
            <Unicode>τε</Unicode>
          </TextEquiv>
        </Word>
        <Word id="r0l4w42">
          <Coords points="106,184 133,184 133,211 106,211" />
          <TextEquiv>
            <Unicode>τῷ</Unicode>
          </TextEquiv>
        </Word>
        <Word id="r0l4w43">
          <Coords points="187,191 217,191 217,207 187,207" />
          <TextEquiv>
            <Unicode>καὶ</Unicode>
          </TextEquiv>
        </Word>
        <Word id="r0l4w44">
          <Coords points="225,185 344,185 344,210 225,210" />
          <TextEquiv>
            <Unicode>ὠνομάκασιν.</Unicode>
          </TextEquiv>
        </Word>
        <Word id="r0l4w45">
          <Coords points="353,184 476,184 476,210 353,210" />
          <TextEquiv>
            <Unicode>ἀποφαίνεται</Unicode>
          </TextEquiv>
        </Word>
        <Word id="r0l4w46">
          <Coords points="483,189 503,189 503,206 483,206" />
          <TextEquiv>
            <Unicode>δὲ</Unicode>
          </TextEquiv>
        </Word>
        <Word id="r0l4w47">
          <Coords points="507,190 546,190 546,209 507,209" />
          <TextEquiv>
            <Unicode>τοῦ-</Unicode>
          </TextEquiv>
        </Word>
        <TextEquiv>
          <Unicode>γκάν τε τῷ λόγῳ καὶ ὠνομάκασιν. ἀποφαίνεται δὲ τοῦ-</Unicode>
        </TextEquiv>
      </TextLine>
      <TextLine id="r0l5">
        <Coords points="44,217 521,217 521,252 44,252" />
        <Word id="r0l5w48">
          <Coords points="44,234 67,234 67,252 44,252" />
          <TextEquiv>
            <Unicode>το</Unicode>
          </TextEquiv>
        </Word>
        <Word id="r0l5w49">
          <Coords points="73,230 132,230 132,251 73,251" />
          <TextEquiv>
            <Unicode>πάντη</Unicode>
          </TextEquiv>
        </Word>
        <Word id="r0l5w50">
          <Coords points="136,226 219,226 219,247 136,247" />
          <TextEquiv>
            <Unicode>σώματος</Unicode>
          </TextEquiv>
        </Word>
        <Word id="r0l5w51">
          <Coords points="221,228 306,228 306,248 221,248" />
          <TextEquiv>
            <Unicode>ἔρημον</Unicode>
          </TextEquiv>
        </Word>
        <Word id="r0l5w52">
          <Coords points="316,217 350,217 350,243 316,243" />
          <TextEquiv>
            <Unicode>οἷον</Unicode>
          </TextEquiv>
        </Word>
        <Word id="r0l5w53">
          <Coords points="356,219 376,219 376,246 356,246" />
          <TextEquiv>
            <Unicode>τὶ</Unicode>
          </TextEquiv>
        </Word>
        <Word id="r0l5w54">
          <Coords points="377,227 420,227 420,249 377,249" />
          <TextEquiv>
            <Unicode>χάος</Unicode>
          </TextEquiv>
        </Word>
        <Word id="r0l5w55">
          <Coords points="425,222 521,222 521,248 425,248" />
          <TextEquiv>
            <Unicode>ἀόρατον.</Unicode>
          </TextEquiv>
        </Word>
        <TextEquiv>
          <Unicode>το πάντη σώματος ἔρημον οἷον τὶ χάος ἀόρατον.</Unicode>
        </TextEquiv>
      </TextLine>
      <TextLine id="r0l6">
        <Coords points="44,258 527,258 527,294 44,294" />
        <Word id="r0l6w56">
          <Coords points="44,273 69,273 69,294 44,294" />
          <TextEquiv>
            <Unicode>καὶ</Unicode>
          </TextEquiv>
        </Word>
        <Word id="r0l6w57">
          <Coords points="77,276 123,276 123,293 77,293" />
          <TextEquiv>
            <Unicode>φασὶ</Unicode>
          </TextEquiv>
        </Word>
        <Word id="r0l6w58">
          <Coords points="129,268 178,268 178,288 129,288" />
          <TextEquiv>
            <Unicode>τοῦτο</Unicode>
          </TextEquiv>
        </Word>
        <Word id="r0l6w59">
          <Coords points="183,264 321,264 321,291 183,291" />
          <TextEquiv>
            <Unicode>προϋποκεῖσθαι</Unicode>
          </TextEquiv>
        </Word>
        <Word id="r0l6w60">
          <Coords points="326,267 358,267 358,284 326,284" />
          <TextEquiv>
            <Unicode>τοῦ</Unicode>
          </TextEquiv>
        </Word>
        <Word id="r0l6w61">
          <Coords points="362,262 428,262 428,285 362,285" />
          <TextEquiv>
            <Unicode>κόσμου.</Unicode>
          </TextEquiv>
        </Word>
        <Word id="r0l6w62">
          <Coords points="435,258 475,258 475,283 435,283" />
          <TextEquiv>
            <Unicode>εἶτα</Unicode>
          </TextEquiv>
        </Word>
        <Word id="r0l6w63">
          <Coords points="485,263 527,263 527,284 485,284" />
          <TextEquiv>
            <Unicode>τῶν</Unicode>
          </TextEquiv>
        </Word>
        <TextEquiv>
          <Unicode>καὶ φασὶ τοῦτο προϋποκεῖσθαι τοῦ κόσμου. εἶτα τῶν</Unicode>
        </TextEquiv>
      </TextLine>
      <TextLine id="r0l7">
        <Coords points="44,295 521,295 521,335 44,335" />
        <Word id="r0l7w64">
          <Coords points="44,306 116,306 116,331 44,331" />
          <TextEquiv>
            <Unicode>στοιχείων</Unicode>
          </TextEquiv>
        </Word>
        <Word id="r0l7w65">
          <Coords points="116,303 197,303 197,331 116,331" />
          <TextEquiv>
            <Unicode>γεγονότων</Unicode>
          </TextEquiv>
        </Word>
        <Word id="r0l7w66">
          <Coords points="209,304 250,304 250,335 209,335" />
          <TextEquiv>
            <Unicode>καὶ</Unicode>
          </TextEquiv>
        </Word>
        <Word id="r0l7w67">
          <Coords points="254,302 287,302 287,324 254,324" />
          <TextEquiv>
            <Unicode>τοῦ</Unicode>
          </TextEquiv>
        </Word>
        <Word id="r0l7w68">
          <Coords points="290,305 346,305 346,329 290,329" />
          <TextEquiv>
            <Unicode>οὐρανοῦ</Unicode>
          </TextEquiv>
        </Word>
        <Word id="r0l7w69">
          <Coords points="351,306 384,306 384,329 351,329" />
          <TextEquiv>
            <Unicode>τῇ</Unicode>
          </TextEquiv>
        </Word>
        <Word id="r0l7w70">
          <Coords points="386,295 521,295 521,325 386,325" />
          <TextEquiv>
            <Unicode>κυκλοφορίᾳ,</Unicode>
          </TextEquiv>
        </Word>
        <TextEquiv>
          <Unicode>στοιχείων γεγονότων καὶ τοῦ οὐρανοῦ τῇ κυκλοφορίᾳ,</Unicode>
        </TextEquiv>
      </TextLine>
      <TextLine id="r0l8">
        <Coords points="36,340 526,340 526,373 36,373" />
        <Word id="r0l8w71">
          <Coords points="36,346 62,346 62,373 36,373" />
          <TextEquiv>
            <Unicode>τὰ</Unicode>
          </TextEquiv>
        </Word>
        <Word id="r0l8w72">
          <Coords points="67,345 142,345 142,370 67,370" />
          <TextEquiv>
            <Unicode>σώματα</Unicode>
          </TextEquiv>
        </Word>
        <Word id="r0l8w73">
          <Coords points="153,344 212,344 212,372 153,372" />
          <TextEquiv>
            <Unicode>πάντα</Unicode>
          </TextEquiv>
        </Word>
        <Word id="r0l8w74">
          <Coords points="216,340 356,340 356,368 216,368" />
          <TextEquiv>
            <Unicode>συσφίγξαντος,</Unicode>
          </TextEquiv>
        </Word>
        <Word id="r0l8w75">
          <Coords points="372,348 426,348 426,365 372,365" />
          <TextEquiv>
            <Unicode>κενὸν</Unicode>
          </TextEquiv>
        </Word>
        <Word id="r0l8w76">
          <Coords points="429,344 467,344 467,365 429,365" />
          <TextEquiv>
            <Unicode>μὲν</Unicode>
          </TextEquiv>
        </Word>
        <Word id="r0l8w77">
          <Coords points="472,342 526,342 526,364 472,364" />
          <TextEquiv>
            <Unicode>ἐντὸς</Unicode>
          </TextEquiv>
        </Word>
        <TextEquiv>
          <Unicode>τὰ σώματα πάντα συσφίγξαντος, κενὸν μὲν ἐντὸς</Unicode>
        </TextEquiv>
      </TextLine>
      <TextLine id="r0l9">
        <Coords points="41,376 545,376 545,411 41,411" />
        <Word id="r0l9w78">
          <Coords points="41,384 93,384 93,410 41,410" />
          <TextEquiv>
            <Unicode>μηδὲν</Unicode>
          </TextEquiv>
        </Word>
        <Word id="r0l9w79">
          <Coords points="103,383 245,383 245,410 103,410" />
          <TextEquiv>
            <Unicode>ἀπολελεῖφθαι</Unicode>
          </TextEquiv>
        </Word>
        <Word id="r0l9w80">
          <Coords points="257,382 277,382 277,405 257,405" />
          <TextEquiv>
            <Unicode>τὸ</Unicode>
          </TextEquiv>
        </Word>
        <Word id="r0l9w81">
          <Coords points="282,381 304,381 304,403 282,403" />
          <TextEquiv>
            <Unicode>δὲ</Unicode>
          </TextEquiv>
        </Word>
        <Word id="r0l9w82">
          <Coords points="309,384 357,384 357,406 309,406" />
          <TextEquiv>
            <Unicode>ἐκτὸς</Unicode>
          </TextEquiv>
        </Word>
        <Word id="r0l9w83">
          <Coords points="363,384 399,384 399,404 363,404" />
          <TextEquiv>
            <Unicode>τῆς</Unicode>
          </TextEquiv>
        </Word>
        <Word id="r0l9w84">
          <Coords points="403,376 434,376 434,411 403,411" />
          <TextEquiv>
            <Unicode>ἔξω</Unicode>
          </TextEquiv>
        </Word>
        <Word id="r0l9w85">
          <Coords points="441,381 545,381 545,408 441,408" />
          <TextEquiv>
            <Unicode>περιφερεί-</Unicode>
          </TextEquiv>
        </Word>
        <TextEquiv>
          <Unicode>μηδὲν ἀπολελεῖφθαι τὸ δὲ ἐκτὸς τῆς ἔξω περιφερεί-</Unicode>
        </TextEquiv>
      </TextLine>
      <TextLine id="r0l10">
        <Coords points="41,415 531,415 531,451 41,451" />
        <Word id="r0l10w86">
          <Coords points="41,431 60,431 60,446 41,446" />
          <TextEquiv>
            <Unicode>ας</Unicode>
          </TextEquiv>
        </Word>
        <Word id="r0l10w87">
          <Coords points="69,426 120,426 120,451 69,451" />
          <TextEquiv>
            <Unicode>αὐτοῦ,</Unicode>
          </TextEquiv>
        </Word>
        <Word id="r0l10w88">
          <Coords points="131,424 181,424 181,444 131,444" />
          <TextEquiv>
            <Unicode>ὅλον</Unicode>
          </TextEquiv>
        </Word>
        <Word id="r0l10w89">
          <Coords points="182,422 235,422 235,445 182,445" />
          <TextEquiv>
            <Unicode>κενὸν</Unicode>
          </TextEquiv>
        </Word>
        <Word id="r0l10w90">
          <Coords points="242,415 282,415 282,451 242,451" />
          <TextEquiv>
            <Unicode>εἶναι</Unicode>
          </TextEquiv>
        </Word>
        <Word id="r0l10w91">
          <Coords points="298,419 372,419 372,449 298,449" />
          <TextEquiv>
            <Unicode>ἄπειρον</Unicode>
          </TextEquiv>
        </Word>
        <Word id="r0l10w92">
          <Coords points="381,424 402,424 402,445 381,445" />
          <TextEquiv>
            <Unicode>ἐμ</Unicode>
          </TextEquiv>
        </Word>
        <Word id="r0l10w93">
          <Coords points="409,422 475,422 475,445 409,445" />
          <TextEquiv>
            <Unicode>ἀπείρῳ</Unicode>
          </TextEquiv>
        </Word>
        <Word id="r0l10w94">
          <Coords points="478,420 531,420 531,444 478,444" />
          <TextEquiv>
            <Unicode>τόπῳ</Unicode>
          </TextEquiv>
        </Word>
        <TextEquiv>
          <Unicode>ας αὐτοῦ, ὅλον κενὸν εἶναι ἄπειρον ἐμ ἀπείρῳ τόπῳ</Unicode>
        </TextEquiv>
      </TextLine>
      <TextLine id="r0l11">
        <Coords points="45,460 531,460 531,491 45,491" />
        <Word id="r0l11w95">
          <Coords points="45,464 216,464 216,491 45,491" />
          <TextEquiv>
            <Unicode>ἐμφανταζόμενον.</Unicode>
          </TextEquiv>
        </Word>
        <Word id="r0l11w96">
          <Coords points="229,468 288,468 288,487 229,487" />
          <TextEquiv>
            <Unicode>τοῦτον</Unicode>
          </TextEquiv>
        </Word>
        <Word id="r0l11w97">
          <Coords points="290,465 317,465 317,487 290,487" />
          <TextEquiv>
            <Unicode>δὲ</Unicode>
          </TextEquiv>
        </Word>
        <Word id="r0l11w98">
          <Coords points="321,461 350,461 350,483 321,483" />
          <TextEquiv>
            <Unicode>τὸν</Unicode>
          </TextEquiv>
        </Word>
        <Word id="r0l11w99">
          <Coords points="355,463 406,463 406,489 355,489" />
          <TextEquiv>
            <Unicode>λόγον</Unicode>
          </TextEquiv>
        </Word>
        <Word id="r0l11w100">
          <Coords points="411,460 422,460 422,488 411,488" />
          <TextEquiv>
            <Unicode>ὁ</Unicode>
          </TextEquiv>
        </Word>
        <Word id="r0l11w101">
          <Coords points="427,462 531,462 531,489 427,489" />
          <TextEquiv>
            <Unicode>ἀριστοτέλης</Unicode>
          </TextEquiv>
        </Word>
        <TextEquiv>
          <Unicode>ἐμφανταζόμενον. τοῦτον δὲ τὸν λόγον ὁ ἀριστοτέλης</Unicode>
        </TextEquiv>
      </TextLine>
      <TextLine id="r0l12">
        <Coords points="44,499 553,499 553,533 44,533" />
        <Word id="r0l12w102">
          <Coords points="44,508 77,508 77,532 44,532" />
          <TextEquiv>
            <Unicode>μὲν</Unicode>
          </TextEquiv>
        </Word>
        <Word id="r0l12w103">
          <Coords points="84,505 204,505 204,533 84,533" />
          <TextEquiv>
            <Unicode>ἀπογινώσκει</Unicode>
          </TextEquiv>
        </Word>
        <Word id="r0l12w104">
          <Coords points="206,500 318,500 318,529 206,529" />
          <TextEquiv>
            <Unicode>παντάπασι,</Unicode>
          </TextEquiv>
        </Word>
        <Word id="r0l12w105">
          <Coords points="323,504 364,504 364,529 323,529" />
          <TextEquiv>
            <Unicode>καὶ</Unicode>
          </TextEquiv>
        </Word>
        <Word id="r0l12w106">
          <Coords points="372,501 457,501 457,528 372,528" />
          <TextEquiv>
            <Unicode>οὐδαμοῦ</Unicode>
          </TextEquiv>
        </Word>
        <Word id="r0l12w107">
          <Coords points="459,499 553,499 553,529 459,529" />
          <TextEquiv>
            <Unicode>τίθεται,</Unicode>
          </TextEquiv>
        </Word>
        <TextEquiv>
          <Unicode>μὲν ἀπογινώσκει παντάπασι, καὶ οὐδαμοῦ τίθεται,</Unicode>
        </TextEquiv>
      </TextLine>
      <TextLine id="r0l13">
        <Coords points="46,534 529,534 529,569 46,569" />
        <Word id="r0l13w108">
          <Coords points="46,545 74,545 74,568 46,568" />
          <TextEquiv>
            <Unicode>οὔτε</Unicode>
          </TextEquiv>
        </Word>
        <Word id="r0l13w109">
          <Coords points="77,547 128,547 128,567 77,567" />
          <TextEquiv>
            <Unicode>ἐντὸς</Unicode>
          </TextEquiv>
        </Word>
        <Word id="r0l13w110">
          <Coords points="129,543 161,543 161,566 129,566" />
          <TextEquiv>
            <Unicode>τοῦ</Unicode>
          </TextEquiv>
        </Word>
        <Word id="r0l13w111">
          <Coords points="162,540 234,540 234,567 162,567" />
          <TextEquiv>
            <Unicode>κόσμου,</Unicode>
          </TextEquiv>
        </Word>
        <Word id="r0l13w112">
          <Coords points="244,540 285,540 285,566 244,566" />
          <TextEquiv>
            <Unicode>οὔτε</Unicode>
          </TextEquiv>
        </Word>
        <Word id="r0l13w113">
          <Coords points="291,542 342,542 342,564 291,564" />
          <TextEquiv>
            <Unicode>ἐκτός.</Unicode>
          </TextEquiv>
        </Word>
        <Word id="r0l13w114">
          <Coords points="360,542 469,542 469,561 360,561" />
          <TextEquiv>
            <Unicode>κλεομήδης</Unicode>
          </TextEquiv>
        </Word>
        <Word id="r0l13w115">
          <Coords points="471,534 500,534 500,556 471,556" />
          <TextEquiv>
            <Unicode>δὲ</Unicode>
          </TextEquiv>
        </Word>
        <Word id="r0l13w116">
          <Coords points="502,537 513,537 513,569 502,569" />
          <TextEquiv>
            <Unicode>ὁ</Unicode>
          </TextEquiv>
        </Word>
        <TextEquiv>
          <Unicode>οὔτε ἐντὸς τοῦ κόσμου, οὔτε ἐκτός. κλεομήδης δὲ ὁ</Unicode>
        </TextEquiv>
      </TextLine>
      <TextLine id="r0l14">
        <Coords points="48,574 516,574 516,613 48,613" />
        <Word id="r0l14w117">
          <Coords points="48,580 144,580 144,613 48,613" />
          <TextEquiv>
            <Unicode>φιλόσοφος,</Unicode>
          </TextEquiv>
        </Word>
        <Word id="r0l14w118">
          <Coords points="154,584 202,584 202,607 154,607" />
          <TextEquiv>
            <Unicode>ἐντὸς</Unicode>
          </TextEquiv>
        </Word>
        <Word id="r0l14w119">
          <Coords points="205,587 242,587 242,607 205,607" />
          <TextEquiv>
            <Unicode>μὲν</Unicode>
          </TextEquiv>
        </Word>
        <Word id="r0l14w120">
          <Coords points="249,583 278,583 278,603 249,603" />
          <TextEquiv>
            <Unicode>τοῦ</Unicode>
          </TextEquiv>
        </Word>
        <Word id="r0l14w121">
          <Coords points="283,580 356,580 356,601 283,601" />
          <TextEquiv>
            <Unicode>κόσμου</Unicode>
          </TextEquiv>
        </Word>
        <Word id="r0l14w123">
          <Coords points="358,581 385,581 385,608 358,608" />
          <TextEquiv>
            <Unicode>οὔ</Unicode>
          </TextEquiv>
        </Word>
        <Word id="r0l14w124">
          <Coords points="388,588 450,588 450,609 388,609" />
          <TextEquiv>
            <Unicode>φησιν</Unicode>
          </TextEquiv>
        </Word>
        <Word id="r0l14w164">
          <Coords points="451,583 510,583 510,599 451,599" />
          <TextEquiv>
            <Unicode>εἶναι</Unicode>
          </TextEquiv>
        </Word>
        <TextEquiv>
          <Unicode>φιλόσοφος, ἐντὸς μὲν τοῦ κόσμου οὔ φησιν εἶναι</Unicode>
        </TextEquiv>
      </TextLine>
      <TextLine id="r0l15">
        <Coords points="45,617 540,617 540,649 45,649" />
        <Word id="r0l15w125">
          <Coords points="45,626 61,626 61,646 45,646" />
          <TextEquiv>
            <Unicode>τὸ</Unicode>
          </TextEquiv>
        </Word>
        <Word id="r0l15w126">
          <Coords points="67,628 122,628 122,644 67,644" />
          <TextEquiv>
            <Unicode>κενὸν</Unicode>
          </TextEquiv>
        </Word>
        <Word id="r0l15w127">
          <Coords points="137,623 189,623 189,644 137,644" />
          <TextEquiv>
            <Unicode>ἐκτὸς</Unicode>
          </TextEquiv>
        </Word>
        <Word id="r0l15w128">
          <Coords points="195,625 218,625 218,643 195,643" />
          <TextEquiv>
            <Unicode>δὲ</Unicode>
          </TextEquiv>
        </Word>
        <Word id="r0l15w129">
          <Coords points="224,626 241,626 241,649 224,649" />
          <TextEquiv>
            <Unicode>οὐ</Unicode>
          </TextEquiv>
        </Word>
        <Word id="r0l15w130">
          <Coords points="244,620 296,620 296,646 244,646" />
          <TextEquiv>
            <Unicode>πάνυ</Unicode>
          </TextEquiv>
        </Word>
        <Word id="r0l15w131">
          <Coords points="304,618 393,618 393,642 304,642" />
          <TextEquiv>
            <Unicode>βιάζεται:-</Unicode>
          </TextEquiv>
        </Word>
        <Word id="r0l15w133">
          <Coords points="473,618 540,618 540,645 473,645" />
          <TextEquiv>
            <Unicode>τόπου:-</Unicode>
          </TextEquiv>
        </Word>
        <Word id="r0l15w165">
          <Coords points="423,617 466,617 466,643 423,643" />
          <TextEquiv>
            <Unicode>Περὶ</Unicode>
          </TextEquiv>
        </Word>
        <TextEquiv>
          <Unicode>τὸ κενὸν ἐκτὸς δὲ οὐ πάνυ βιάζεται:- Περὶ τόπου:-</Unicode>
        </TextEquiv>
      </TextLine>
      <TextLine id="r0l16">
        <Coords points="13,657 594,657 594,691 13,691" />
        <Word id="r0l16w134">
          <Coords points="13,657 46,657 46,691 13,691" />
          <TextEquiv>
            <Unicode>T</Unicode>
          </TextEquiv>
        </Word>
        <Word id="r0l16w135">
          <Coords points="90,666 113,666 113,691 90,691" />
          <TextEquiv>
            <Unicode>ὡς</Unicode>
          </TextEquiv>
        </Word>
        <Word id="r0l16w136">
          <Coords points="115,658 157,658 157,684 115,684" />
          <TextEquiv>
            <Unicode>αὐτὸ</Unicode>
          </TextEquiv>
        </Word>
        <Word id="r0l16w137">
          <Coords points="163,659 248,659 248,685 163,685" />
          <TextEquiv>
            <Unicode>τοὔνομα</Unicode>
          </TextEquiv>
        </Word>
        <Word id="r0l16w138">
          <Coords points="252,665 315,665 315,687 252,687" />
          <TextEquiv>
            <Unicode>δηλοῖ,</Unicode>
          </TextEquiv>
        </Word>
        <Word id="r0l16w139">
          <Coords points="320,666 388,666 388,690 320,690" />
          <TextEquiv>
            <Unicode>πρᾶγμα</Unicode>
          </TextEquiv>
        </Word>
        <Word id="r0l16w140">
          <Coords points="391,660 429,660 429,684 391,684" />
          <TextEquiv>
            <Unicode>ἐστὶ</Unicode>
          </TextEquiv>
        </Word>
        <Word id="r0l16w141">
          <Coords points="433,657 521,657 521,683 433,683" />
          <TextEquiv>
            <Unicode>δεκτικὸν</Unicode>
          </TextEquiv>
        </Word>
        <Word id="r0l16w142">
          <Coords points="550,664 594,664 594,691 550,691" />
          <TextEquiv>
            <Unicode>ιη´.</Unicode>
          </TextEquiv>
        </Word>
        <Word id="r0l16w168">
          <Coords points="47,667 83,667 83,688 47,688" />
          <TextEquiv>
            <Unicode>όπος</Unicode>
          </TextEquiv>
        </Word>
        <TextEquiv>
          <Unicode>T   όπος ὡς αὐτὸ τοὔνομα δηλοῖ, πρᾶγμα ἐστὶ δεκτικὸν           ιη´.</Unicode>
        </TextEquiv>
      </TextLine>
      <TextLine id="r0l17">
        <Coords points="47,692 533,692 533,725 47,725" />
        <Word id="r0l17w143">
          <Coords points="47,700 126,700 126,725 47,725" />
          <TextEquiv>
            <Unicode>σώματος</Unicode>
          </TextEquiv>
        </Word>
        <Word id="r0l17w144">
          <Coords points="135,700 145,700 145,723 135,723" />
          <TextEquiv>
            <Unicode>ἢ</Unicode>
          </TextEquiv>
        </Word>
        <Word id="r0l17w145">
          <Coords points="152,697 250,697 250,724 152,724" />
          <TextEquiv>
            <Unicode>ἀσωμάτου</Unicode>
          </TextEquiv>
        </Word>
        <Word id="r0l17w146">
          <Coords points="253,695 329,695 329,722 253,722" />
          <TextEquiv>
            <Unicode>φύσεως.</Unicode>
          </TextEquiv>
        </Word>
        <Word id="r0l17w147">
          <Coords points="480,695 497,695 497,720 480,720" />
          <TextEquiv>
            <Unicode>τὸ</Unicode>
          </TextEquiv>
        </Word>
        <Word id="r0l17w148">
          <Coords points="340,698 384,698 384,724 340,724" />
          <TextEquiv>
            <Unicode>ἐπεὶ</Unicode>
          </TextEquiv>
        </Word>
        <Word id="r0l17w149">
          <Coords points="390,698 422,698 422,722 390,722" />
          <TextEquiv>
            <Unicode>οὖν</Unicode>
          </TextEquiv>
        </Word>
        <Word id="r0l17w166">
          <Coords points="499,692 533,692 533,723 499,723" />
          <TextEquiv>
            <Unicode>εἶδος</Unicode>
          </TextEquiv>
        </Word>
        <Word id="r0l17w151">
          <Coords points="427,701 439,701 439,718 427,718" />
          <TextEquiv>
            <Unicode>ἡ</Unicode>
          </TextEquiv>
        </Word>
        <Word id="r0l17w152">
          <Coords points="446,694 478,694 478,722 446,722" />
          <TextEquiv>
            <Unicode>ὕλη</Unicode>
          </TextEquiv>
        </Word>
        <TextEquiv>
          <Unicode>σώματος ἢ ἀσωμάτου φύσεως. ἐπεὶ οὖν ἡ ὕλη τὸ εἶδος</Unicode>
        </TextEquiv>
      </TextLine>
      <TextLine id="r0l18">
        <Coords points="45,735 541,735 541,768 45,768" />
        <Word id="r0l18w153">
          <Coords points="45,738 106,738 106,768 45,768" />
          <TextEquiv>
            <Unicode>δέχεται,</Unicode>
          </TextEquiv>
        </Word>
        <Word id="r0l18w154">
          <Coords points="118,743 166,743 166,766 118,766" />
          <TextEquiv>
            <Unicode>τόπος</Unicode>
          </TextEquiv>
        </Word>
        <Word id="r0l18w155">
          <Coords points="174,739 196,739 196,763 174,763" />
          <TextEquiv>
            <Unicode>ἂν</Unicode>
          </TextEquiv>
        </Word>
        <Word id="r0l18w156">
          <Coords points="200,741 268,741 268,768 200,768" />
          <TextEquiv>
            <Unicode>λέγοιτο</Unicode>
          </TextEquiv>
        </Word>
        <Word id="r0l18w157">
          <Coords points="275,740 285,740 285,762 275,762" />
          <TextEquiv>
            <Unicode>ἡ</Unicode>
          </TextEquiv>
        </Word>
        <Word id="r0l18w158">
          <Coords points="292,740 326,740 326,765 292,765" />
          <TextEquiv>
            <Unicode>ὕλη</Unicode>
          </TextEquiv>
        </Word>
        <Word id="r0l18w159">
          <Coords points="329,738 358,738 358,760 329,760" />
          <TextEquiv>
            <Unicode>τοῦ</Unicode>
          </TextEquiv>
        </Word>
        <Word id="r0l18w160">
          <Coords points="360,735 424,735 424,762 360,762" />
          <TextEquiv>
            <Unicode>εἴδους.</Unicode>
          </TextEquiv>
        </Word>
        <Word id="r0l18w161">
          <Coords points="429,737 517,737 517,761 429,761" />
          <TextEquiv>
            <Unicode>ἀσώματον</Unicode>
          </TextEquiv>
        </Word>
        <Word id="r0l18w162">
          <Coords points="520,739 541,739 541,761 520,761" />
          <TextEquiv>
            <Unicode>δὲ</Unicode>
          </TextEquiv>
        </Word>
        <TextEquiv>
          <Unicode>δέχεται, τόπος ἂν λέγοιτο ἡ ὕλη τοῦ εἴδους. ἀσώματον δὲ</Unicode>
        </TextEquiv>
      </TextLine>
    </TextRegion>
  </Page>
</PcGts>