627 812
43 52 75 69 ἀλλὰ
81 45 141 68 κυρίως
149 40 234 69 ἐλάχιστον
245 42 292 66 κατὰ
298 37 407 67 φιλοσόφους,
417 41 435 56 τὸ
439 31 527 64 βραχύτατον

44 72 127 106 σωμάτιον
133 81 257 105 ὀνομάζεται:-
350 71 507 97 σχημάτων:-
284 76 340 104 Περὶ

174 126 195 143 τις
48 124 88 152 χῆμα
99 124 128 149 ἐστί,
138 121 171 147 ποιά
204 126 238 143 τῶν
244 118 386 141 μαθηματικῶν
394 110 477 139 σωμάτων
483 114 535 138 ἀπο-
562 111 604 136 ιδ´.
11 113 40 179 Σ

45 163 145 193 περάτωσις.
153 161 279 181 μαθηματικὸν
374 148 407 177 ἐστί,
287 162 306 178 δὲ
315 160 366 176 σῶμα
418 152 468 174 ἅπαν
469 151 486 176 τὸ
492 150 535 178 ἐσχη-

44 203 153 225 ματισμένον
163 204 204 228 οἷον
459 183 536 216 τετράγω-
234 197 322 219 στρογγύλον
213 194 230 224 τὸ
331 190 352 219 τὸ
356 196 432 215 τρίγωνον
438 189 455 209 τὸ

44 245 76 266 νον
92 243 112 264 τὸ
121 234 233 267 πεντάγωνον
242 236 275 259 καὶ
279 230 317 256 ὅσα
325 231 398 252 τοιαῦτα.
401 224 435 256 τὰ
440 227 513 255 τοίνυν

44 284 121 303 τέσσαρα
123 279 189 301 στοιχεῖα,
207 279 295 300 περιφερῆ
300 271 422 293 δογματίζουσι.
436 270 510 294 πλάτων
515 269 541 294 δὲ

42 328 67 350 καὶ
75 325 157 347 περιφερῆ
167 321 184 352 καὶ
191 319 213 341 ἐν
217 310 311 342 διαφόροις
317 309 380 337 πλάττει
386 309 474 341 σχήμασι.
488 312 529 336 τὴν

42 362 79 383 μὲν
85 359 111 385 γὰρ
117 364 150 386 γῆν,
161 358 197 386 διὰ
202 359 219 375 τὸ
225 353 325 384 εὐέδραστον
340 359 367 379 καὶ
377 355 400 379 τὸ
405 346 487 378 βεβηκὸς
490 348 556 370 αὐτῆς,

39 402 121 425 κυροειδῆ
128 396 177 421 λέγει.
182 398 265 420 ἑδραῖος
275 389 303 419 γὰρ
305 383 327 404 καὶ
333 392 390 417 κῦβος
405 393 427 413 τὸ
510 375 538 418 διὰ
436 387 460 410 δὲ
464 389 502 409 πῦρ,
316 399 335 420 ὁ

41 443 58 462 τὸ
65 435 99 463 ἄνω
103 437 207 468 φέρεσθαι
215 439 243 462 καὶ
256 442 273 466 εἰς
280 439 316 463 ὀξὺ
324 437 420 462 ἀπολήγειν
424 432 464 453 ἀπὸ
471 431 538 459 πλατεί-

42 484 61 503 ας
70 478 137 504 βάσεως,
153 481 284 506 πυραμοειδὲς
286 476 358 501 τίθησι.
380 475 414 498 καὶ
420 471 473 501 τἄλλα
478 469 534 494 ἑτέ-

43 528 70 545 ρως
78 518 178 548 σχηματίζει.
193 515 285 547 στρογγύλας
291 514 311 542 δὲ
322 513 382 540 αὖθις
385 515 446 538 ταῦτα
445 509 525 535 τίθεται,

173 553 243 579 κύκλῳ
43 560 86 578 διότι
93 557 103 576 ὁ
109 556 164 576 oὐρανὸς
250 551 409 576 περιφερόμενος,
419 552 541 575 περιτορνεύει

25 599 71 617 τὴν
74 593 134 616 τούτων
138 587 292 617 ἐπιφάνειαν:-
316 590 363 618 Περὶ
368 590 532 622 χρωμάτων:-

40 638 86 655 ρῶμα
120 625 166 655 ἐστίν,
100 635 121 656 δὲ
179 632 238 656 ὁρατὴ
243 626 310 656 ποιότης
321 635 354 653 τῆς
363 630 394 651 τῶν
399 627 493 655 σωμάτων
498 627 551 652 ἐπι-
571 629 601 655 ιε´.
1 625 39 677 X

41 665 121 701 φανείας.
168 673 195 707 γε
198 663 279 695 πλάτων,
130 673 141 693 ὁ
144 671 165 692 δε
294 670 356 698 καινόν
357 668 395 696 τινα
403 673 476 697 τρόπον
483 671 546 698 διερ-

43 706 115 733 μηνεύει
117 709 158 737 περὶ
165 717 207 736 τῶν
209 711 313 738 χρωμάτων.
320 710 368 738 λέγει
371 709 392 730 δὲ
399 709 436 733 ὅτι
441 713 481 733 ἀπὸ
488 710 533 729 τῶν

38 752 171 778 ὑποκειμένων
177 756 262 779 σωμάτων,
282 759 310 773 καὶ
319 751 359 773 ἀπὸ
362 753 399 772 τῶν
402 745 480 774 ὁρώντων
489 743 570 774 ὀμμάτων,
