656 844
99 28 138 54 τῶν
149 25 260 58 ὀφθαλμῶν
269 28 425 57 προσπιπτουσῶν
438 22 486 51 εἶτα
494 30 514 49 δὴ
521 28 628 53 ἀνακλω-

105 75 175 99 μένων
191 69 223 94 καὶ
231 66 251 90 τὸ
258 72 287 93 τοῦ
292 64 342 96 τόξου
345 70 408 99 σχῆμα
418 69 560 99 ἐμφαινουσῶν.
576 70 608 99 ἔστι

103 115 121 134 δὲ
133 112 155 134 ὡς
163 111 242 141 ἀληθῶς,
248 104 302 138 τόξον
313 102 395 136 ἄντικρυς
407 112 451 139 κατὰ
459 118 479 136 τὸ
484 111 548 144 σχῆμα
562 114 613 139 οὐδε-

107 155 147 179 ποτε
153 148 180 178 γὰρ
184 149 277 183 φαίνεται
291 152 415 180 κυκλοτερὲς
476 152 491 178 ἢ
440 156 469 179 ἀλλ᾽
492 151 566 180 ἔλαττον
578 152 596 174 ἢ

106 196 170 219 πλέον
179 191 259 215 κύκλον.
283 190 380 221 φαίνεται
384 195 405 214 δὲ
416 190 444 221 ὡς
452 195 490 218 ἐπὶ
497 192 517 216 τὸ
526 187 599 218 πλεῖστον

103 246 145 261 μὲν
155 235 202 262 ἀπὸ
207 230 242 263 τοῦ
246 233 304 258 ἡλίου,
324 232 415 259 σπανίως
425 237 447 260 δὲ
461 236 497 258 ἀπὸ
502 235 532 257 τῆς
538 237 608 261 σελήνης

107 288 134 303 καὶ
141 284 221 307 μάλιστα
224 274 268 305 μὲν
278 276 358 306 ἡμέρας
372 278 459 306 σπανίως
497 277 556 309 νυκτός,
465 282 493 307 δὲ
575 276 586 302 ἢ
592 280 628 311 πλεῖ-

106 332 137 345 στον
143 318 187 345 μὲν
204 319 240 342 ἐπὶ
248 319 275 340 τὸν
282 315 367 345 ὁρίζοντα,
389 320 468 344 σπανίως
476 323 493 343 δὲ
500 323 531 345 περὶ
547 319 575 345 τὸν
580 326 622 344 με-

106 362 206 386 σημβρινὸν
219 355 291 381 κύκλον.
310 354 412 384 πολλάκις
580 363 610 396 δύο
416 362 437 382 δ᾽
452 361 475 384 ἐν
477 358 538 385 ταὐτῷ,
546 364 577 391 καὶ

102 398 209 432 φαίνονται
215 394 278 429 ἴριδες.
303 401 336 425 ἔστι
346 402 366 431 δὲ
374 404 431 428 πᾶσα
436 399 482 432 ἴρις,
492 404 581 432 τρίχροος
593 406 610 430 ἡ

107 448 151 469 μὲν
159 439 191 469 γὰρ
204 441 252 467 ἐντὸς
269 439 329 469 αὐτῆς
339 440 387 473 ζώνη,
403 442 485 466 φοινικῆ
504 447 518 473 ἡ
525 446 609 472 δευτέρα

106 482 203 516 πράσινος
227 485 239 507 ἡ
244 484 266 506 δὲ
273 490 325 513 τρίτη
338 486 425 511 ἁλουργὸς
438 488 468 512 καὶ
480 482 512 509 οἷον
516 482 619 517 ὑποπόρ-

103 528 164 556 φυρος.
189 527 297 554 συνίσταται
302 531 323 551 δὲ
332 530 370 550 ἐπὶ
377 529 474 559 ἀνομάλοις
485 540 515 556 καὶ
521 528 609 555 ἀνομοιομε-

108 567 153 595 ρέσι
163 564 244 595 νέφεσιν:-
327 564 372 595 Περὶ
377 570 418 594 τῆς
431 563 506 593 ἅλω:-

10 586 48 638 νζ´.
65 599 107 654 Κ
162 603 204 634 ὑπὸ
208 607 244 634 τὴν
252 611 336 636 σελήνη
343 610 461 642 φαινόμενον
472 610 508 636 οἷον
517 610 600 647 ἀλώνιον,
136 606 161 638 τὸ
104 613 132 636 αὶ

96 655 141 685 κατ᾽
147 651 237 677 ἔκφασιν
246 653 277 677 ἐστὶ
286 652 313 681 ἀλλ᾽
320 655 341 679 οὐ
347 653 406 681 καθ᾽
406 650 489 679 ὑπόστασιν
504 654 536 681 τὰ
542 652 633 675 ἐναντία

106 695 143 722 ἔχει
149 698 184 719 τῆς
193 688 249 721 ἴριδος.
274 695 316 722 ἐπὶ
405 700 428 721 τὸ
320 690 357 720 μὲν
368 689 399 722 γὰρ
434 694 511 722 πλεῖστον,
525 696 595 715 κύκλος

104 733 212 762 φαίνεται
216 732 284 761 τέλειος.
315 732 457 759 σπανιώτερον
473 733 492 758 δὲ
500 730 580 752 ἐλάττων
584 726 635 751 τοῦ

113 779 198 806 κύκλου.
553 769 620 804 ἔλαττον
214 781 249 803 Καὶ
257 775 294 806 περὶ
298 782 339 803 μὲν
342 780 372 801 τῆς
383 774 468 801 σελήνης
471 772 541 804 μάλιστα
