610 816
10 51 34 104 Ο
71 50 104 80 τῶν
108 44 193 69 ἀπλανῶν
203 46 270 69 ἀστέρων
278 42 322 65 οὐδείς,
334 40 372 68 οὔτε
376 38 441 65 πάντες
448 39 464 64 οἱ
470 31 525 67 πλά-
548 31 600 65 μα´.
33 57 70 79 ὔτε

39 94 83 119 νητες
97 93 125 120 ἀλλ᾽
144 89 205 118 σελήνη
214 88 255 112 μόνη
268 85 319 113 παρὰ
326 81 353 110 τοῦ
354 77 406 108 ἡλίου
410 77 509 102 ψωτίζεται.
127 91 142 117 ἡ

33 132 68 158 διὰ
79 128 120 158 τοῦτο
131 127 162 154 καὶ
172 126 312 149 πεφωτισμένον
318 120 380 145 μέρος
377 117 404 145 ἀεὶ
408 117 452 139 πρὸς
458 112 483 146 τὸν
489 109 515 139 ἥ-

260 161 276 185 δὲ
35 172 73 197 λιον
83 167 167 192 νένευκεν.
179 166 210 187 Οὐκ
213 167 239 187 ἔστι
248 165 259 186 ὁ
287 161 319 183 ὅτι
327 159 413 185 ἀφώτιστος
421 157 526 180 παντάπασι,

89 206 146 226 σελήνη
37 203 69 231 ἐστὶ
73 205 89 231 ἡ
170 204 200 231 ἀλλ᾽
234 196 338 221 ἐνδέδυται
342 195 388 221 φῶς
395 195 508 220 ἡμισέληνον.
200 204 225 227 ἀεὶ

35 245 60 271 ἐν
67 247 100 269 μὲν
108 241 139 272 οὖν
145 240 187 266 ταῖς
191 240 281 266 συνόδοις,
293 234 379 261 ἀφώτιστον
385 234 431 258 μένη
436 229 457 260 τὸ
462 230 506 257 πρὸς

32 285 88 311 ἡμᾶς
100 283 157 308 αὐτῆς
174 281 269 305 κύρτωμα
290 274 437 303 πεφωτισμένον
441 274 459 301 δὲ
466 274 481 298 τὸ
486 264 520 293 ἄνω

36 322 159 356 φαλάκρωμα.
173 319 197 349 ἐν
201 317 223 348 δὲ
226 311 266 339 ταῖς
276 314 396 342 πανσελήνοις
403 311 422 334 τὸ
425 314 462 332 μὲν
468 309 525 332 νεῦον

39 367 84 393 πρὸς
94 364 143 393 ἡμᾶς
154 351 276 385 ἡμισφαίριον
286 355 342 377 αὐτῆς,
354 352 444 378 ὁλοφαές
450 351 484 372 ἐστι.
490 345 519 370 τὸ

53 400 82 424 ἄνω
34 397 49 429 δ᾽
92 402 185 423 ἡμίτονον,
199 396 251 424 φωτὸς
258 388 329 420 ἄμοιρον.
348 390 423 421 μεταξὺ
429 388 449 417 δὲ
453 389 483 419 τῆς
487 386 519 415 συ-

35 440 85 466 νόδου
96 436 122 464 καὶ
128 440 160 468 τῆς
165 433 286 462 πανσελήνου
297 430 349 460 κατὰ
353 436 370 456 τὸ
376 426 446 456 μέτρον
454 429 493 451 τῆς
494 426 537 455 πρὸς

37 483 65 509 τὸν
74 479 126 507 ἥλιον
131 475 237 505 διαστάσεως,
250 472 366 502 μηνοειδὲς
373 469 446 495 γίνεται
454 468 473 498 καὶ
479 463 538 497 διχό-

38 521 95 545 τομος
108 517 141 542 καὶ
146 509 264 542 ἀμφίκυρτος
281 507 297 537 ἢ
304 512 336 540 γὰρ
343 512 417 540 ἔλαττον
425 508 458 534 τοῦ
463 508 519 534 ἡμί-

34 555 88 579 σεος
99 552 205 582 φωτίζεται
211 557 224 580 ἢ
232 552 281 577 κατὰ
288 547 354 574 ἥμισυ,
362 547 373 578 ἢ
382 547 429 575 κατὰ
432 547 529 571 πλέον:-

32 593 68 620 Περὶ
303 590 343 618 πῶς
76 594 191 617 ἐπισημασίας
200 592 276 621 ἀστέρων
420 589 484 613 χειμὼν
279 590 297 615 καὶ
354 587 415 616 γίνεται
510 582 569 609 θέρος:-
488 587 502 611 καὶ

7 627 44 679 Ἐ
283 630 375 650 ἐπιτέλλων
273 631 283 657 ὁ
182 633 214 662 ἐστί,
223 628 271 655 ὅταν
384 625 440 651 ἀστὴρ
437 626 467 648 καὶ
474 624 529 645 συνα-
557 611 594 650 μβ´.
48 630 174 659 πισημασία

42 675 127 698 νατέλλων
133 673 159 698 τῷ
164 671 221 699 ἡλίῳ
233 667 287 695 ὥσπερ
291 671 300 696 ὁ
305 668 418 692 καλούμενος
425 660 483 691 κύων
493 659 535 687 καὶ

443 702 532 725 ἀπλανῶν,
47 709 98 734 ὠρίων
106 713 135 734 καὶ
152 715 251 736 ἀρκτοῦρος
263 704 296 737 καὶ
300 703 367 731 ἔτερός
405 699 437 731 τῶν
369 704 399 728 τις

46 749 118 775 ἀλλοιώση
123 751 147 774 τὸν
153 751 205 775 ἀέρα
215 750 260 775 κατὰ
268 743 297 773 τοὺς
302 747 392 771 τέσσαρας
401 747 472 768 καροὺς
506 737 555 768 ἔτους.
476 738 501 769 τοῦ
