615 811
62 42 152 67 γενέσθαι
158 42 301 66 φθειρόμενον
317 47 368 64 ὑπὸ
448 35 479 61 ἐστὶ
481 37 541 62 καὶ
371 38 447 67 γένεσιν

57 77 130 108 φθοράν.
149 76 189 104 κατὰ
195 82 224 107 γοῦν
236 87 264 105 τὸν
272 79 357 103 ἡμέτερον
364 76 414 108 λόγον,
424 77 445 102 καὶ
456 78 478 97 τῷ
482 69 539 97 κόσμῳ

51 123 126 150 γένεσις
134 117 191 146 ἕπεται
202 120 218 145 καὶ
227 114 296 146 φθορά.
443 107 470 139 ἦν
309 116 333 144 ἦν
340 115 370 143 γὰρ
375 115 407 143 ὅτε
412 117 441 142 οὐκ
484 113 519 139 καὶ

53 163 93 189 ἔσται
101 159 133 188 ὅτε
137 154 167 186 οὐκ
232 152 304 183 αὔξησις
307 155 349 186 μὲν
354 152 388 180 οὖν
393 152 426 178 καὶ
431 148 524 178 ἀλλοίωσις
169 157 217 184 ἔσται.

56 204 83 228 καὶ
91 198 170 228 φθορά,
185 200 214 220 καὶ
222 197 236 222 ἡ
238 198 275 218 ἀπὸ
279 197 333 223 τόπου
339 192 361 214 εἰς
365 193 421 220 τόπον
423 189 532 218 διάβασις,

129 236 171 258 εἰσί.
58 238 131 261 κινήσεις
175 234 255 258 γένεσις
257 228 289 258 δέ,
290 230 316 255 καὶ
407 231 436 257 οὐκ
321 236 381 260 φθορά,
440 230 475 255 εἰσὶ
477 225 535 254 κινή-

56 279 97 308 νήσεις.
110 278 186 301 ἀθρῶος
194 268 220 300 γὰρ
225 268 245 295 τὸ
246 269 345 293 γενόμενον
349 266 415 295 γέγονεν
425 267 439 299 καὶ
443 266 460 291 τὸ
464 266 551 299 φθειρό-

59 319 126 342 μενον,
132 310 260 339 ἔφθαρται:-
271 309 304 341 Περὶ
313 308 336 333 τοῦ
344 310 355 330 εἰ
361 308 436 338 ἔμψυχος
445 307 457 333 ὁ
462 304 551 336 κόσμος:-

207 349 260 378 λόγος,
20 345 49 394 Ὁ
49 357 96 384 μὲν
99 360 147 380 καθ᾽
148 352 205 382 ἡμᾶς
276 351 314 376 οὐδὲ
322 352 428 380 ἀκροθιγῶς
437 346 470 376 τοῖς
476 346 533 377 ὠσὶν
574 343 611 379 κστ´.

58 402 144 421 ἔμψυχον
151 392 201 418 εἶναι
203 391 239 414 τὸν
241 388 304 415 κόσμον
312 387 408 415 προσίεται
430 387 518 416 προνοία

56 434 120 459 μέντοι
122 435 142 459 γε
142 431 277 455 διοικούμενον.
293 428 307 451 οἱ
314 427 333 450 δέ
342 429 443 456 τελεώτεροι
451 430 490 447 τῶν
493 430 531 451 φι-

53 471 144 497 λοσόφων
153 471 238 495 πλάτων
246 466 276 490 καὶ
281 469 399 493 ἀριστοτέλης
401 464 424 491 καὶ
430 464 464 483 ὅσοι
470 457 543 491 τούτοις

481 504 547 533 σαφῶς
51 513 206 536 ἐξηκολούθησαν,
221 513 252 536 καὶ
260 505 354 533 ἔμψυχον
362 509 394 533 καὶ
402 502 475 530 ἔννουν

57 547 183 577 ἀπεφήναντο.
196 546 286 574 ἐγκεῖσθαι
294 545 316 567 δὲ
324 540 346 566 οὐ
384 539 448 573 ψυχὰς
454 539 475 564 ἔν
501 542 540 563 τῷ
345 541 378 566 τὰς
477 539 500 567 τε

57 592 105 624 οὐρανῷ
115 594 143 614 καὶ
151 586 189 617 ταῖς
194 577 340 608 ὑποκειμέναις
349 579 453 608 σφαίραις
464 579 490 607 ἀλλ᾽ἀνά-

58 630 110 651 παλιν
117 631 146 649 τὰ
152 625 235 651 σώματα
240 622 279 649 τῶν
281 622 382 651 θειοτέρων
387 619 452 651 ψυχῶν
455 621 545 649 ἠρτῆσθαι

56 663 153 693 διωρήκασι.
158 658 269 688 διοικεῖσθαι
277 662 344 688 μέντοι
347 670 385 688 καὶ
387 664 414 689 ἀπὸ
417 657 496 687 φύσεως
505 660 551 686 αὐ-

53 707 84 731 τὰ
87 702 219 734 νενομίκασι.
459 704 480 733 γε
268 703 393 730 ἀντικεῖσθαι
231 698 264 729 οὐκ
399 700 457 731 μέντοι
486 701 531 727 τὴν

46 746 125 769 φύσιν,
136 740 175 767 οὔτε
179 743 232 765 ταῖς
235 739 303 768 ψυχαῖς
308 736 375 771 τούτων,
385 740 423 767 οὔτε
429 738 468 765 ταῖς
471 740 547 771 νοεραῖς
