589 732
56 21 79 39 νετο.
97 21 110 36 Οὐ
119 15 140 38 γὰρ
148 17 218 43 ἀφείλετο
230 19 275 38 αὐτοῦ
279 18 310 38 τὴν
321 14 415 40 ἰσορροπίαν
450 7 495 41 γνώ-
421 15 443 42 τῆς

54 71 82 83 μης,
96 67 118 79 καὶ
128 57 149 74 τὴν
159 55 180 74 τοῦ
189 57 230 82 καλοῦ
239 52 298 79 αἴρεσιν
311 50 346 81 εἴπερ
347 52 416 78 ἐβούλετο.
431 53 456 79 Ἀλλ᾽
460 53 493 74 ὁ

46 95 75 116 θεός,
89 95 147 115 ἠπίστατο
155 93 171 112 τὸ
177 91 249 112 ἐσόμενον
265 88 289 108 τῷ
295 89 317 108 δὲ
322 87 378 112 ἀδάμ,
386 90 414 107 οὐκ
415 90 487 113 ἀφηρέ-

48 133 74 151 θη
81 133 91 154 ἡ
96 130 124 148 ἐπὶ
134 131 143 147 τὸ
148 137 186 154 καλὸν
195 129 236 152 ὁρμή.
256 125 284 147 Καὶ
290 126 304 147 ὁ
342 126 395 147 ἀδάμ,
404 122 475 148 ἀόριστον
307 133 338 145 μὲν

49 162 79 184 εἶχε
86 167 110 182 τὴν
117 166 143 183 ἐπὶ
144 165 165 180 τὰ
173 157 237 182 ἐναντία
247 160 300 184 ῥοπὴν
317 164 328 180 ὁ
330 158 348 185 δὲ
350 159 378 182 θεός,
394 156 506 181 ὀρισμένως

51 206 119 224 ἐγίνωσκε
124 200 142 215 τὸ
150 197 215 221 ἀόριστον.
235 195 258 214 Ὡς
264 190 293 217 γὰρ
300 199 313 216 τὸ
321 197 371 219 σῶμα
378 195 476 219 ἀσωμάτως

48 227 73 254 καὶ
80 238 94 254 τὸ
102 231 176 254 διαστατὸν
185 229 274 253 ἀδιαστάτως
284 229 324 251 οἶδεν
343 230 390 251 οὕτως
399 240 421 251 καὶ
430 230 448 249 τὸ
452 228 483 246 ἀό-

48 281 86 296 ριστον
94 269 177 294 ὁρισμένως:-
192 268 247 290 Πῶς
258 270 284 288 οὐκ
285 261 311 289 ἀεὶ
317 259 421 295 μετέχομεν
426 265 451 288 τοῦ
458 265 495 289 θεοῦ

51 299 74 329 ἀεὶ
81 304 208 331 ἐνεργοῦντος
219 303 324 326 αὐτοῦ:-

20 346 41 413 O
63 330 155 365 μετέχομεν
164 340 188 361 ἀεὶ
194 344 220 363 τοῦ
224 343 253 363 θεοῦ,
284 336 306 364 καὶ
315 341 337 360 ἀεὶ
342 341 397 363 ἐνεργεῖ
398 336 452 359 οὕτως,
457 340 484 357 διὰ
534 326 572 358 οθ´.
256 349 274 364 εἰ
45 346 66 363 ὐ

50 376 70 398 τὴν
80 378 155 400 ἡμετέραν
166 373 297 398 ἀνεπιτηδειότητα
298 386 336 402 πρὸς
343 376 372 398 τὴν
455 374 491 400 Ὥσπερ
379 379 442 401 μέθεξιν.

39 411 71 433 γὰρ
79 416 105 431 τοῦ
106 413 153 431 ἡλίου
160 414 177 435 τὸ
178 409 281 438 μεσημβρινὸν
293 409 336 431 ἅπαν
342 411 448 438 διαλάμποντος
459 415 471 432 οὐ

51 453 104 474 πάντες
109 455 127 470 εἰς
135 445 177 469 αὐτὸν
188 443 255 470 ἀτενίζειν
266 448 340 467 δύνανται
359 447 381 474 ἀλλ᾽
382 447 399 466 οἱ
402 447 486 474 ἐρωμένως

46 485 78 504 τῶν
88 484 175 510 ὀφθαλμῶν
179 483 236 510 ἔχοντες,
242 486 301 508 οὕτως
310 483 348 502 οὐδὲ
349 483 374 504 τοῦ
375 481 402 503 θεοῦ
411 478 477 503 πάντες

47 519 116 544 μετέχειν
121 512 202 545 δύνανται,
213 518 244 545 κἂν
253 517 312 542 ἐκεῖνος
318 517 359 548 ὑπὲρ
368 521 393 541 τὸν
403 519 447 540 ἥλιον
457 512 479 535 ἀεὶ

43 555 69 575 τὸν
78 555 122 576 νοητὸν
128 557 163 581 φῶς
173 555 262 584 ἐξαμπλοῖ
285 559 326 584 ἀλλὰ
333 558 380 577 μόνοι
389 558 402 580 οἱ
405 558 419 574 τὸ
426 551 478 577 νοερὸν

49 591 101 617 ὄμμα
112 595 137 616 ἐν
139 595 158 612 τῇ
159 594 209 620 ψυχῇ
217 592 342 617 κεκαθαρμένον
346 590 416 617 ἔχοντες.
441 586 488 610 Κάμνει

50 625 68 647 δὲ
72 627 144 649 πολλάκις
157 627 188 651 καὶ
194 628 235 647 αὐτὸς
243 629 254 644 ὁ
255 626 331 650 καθαρὸς
340 625 368 645 νοῦς
378 622 417 648 πρὸς
423 624 449 644 τὴν
456 626 490 642 ἀν-

43 663 117 684 τίληψιν
122 664 153 683 τῶν
159 663 206 684 θείων
212 662 261 689 αὐγῶν
279 665 323 685 διότι
332 661 359 680 οὐκ
360 656 402 681 ἔστιν
408 655 487 684 ἐλεύθερος
