689 831
47 76 68 95 τὲ
76 75 102 97 καὶ
106 74 137 101 τὰ
143 75 224 100 σώματα.
267 68 319 100 ἐπειδὴ
328 75 408 100 ἑνώσεως
417 75 507 102 ἀκριβοῦς
232 72 266 100 ἀλλ᾽

49 125 75 139 καὶ
82 115 93 140 ὁ
96 115 159 139 κόσμος
172 119 309 145 κεκοινώνηκεν,
314 120 338 138 ἓν
345 118 373 145 διὰ
381 116 420 138 τὴν
426 109 492 137 ἕνωσιν
499 110 530 137 ὀνο

47 149 106 181 μάζεται.
122 159 149 179 καὶ
156 155 188 174 διὰ
193 155 211 173 τὸ
219 154 326 175 τελειότατον
335 156 368 174 τῶν
373 153 447 175 στοιχείων
452 154 513 177 αὐτοῦ

366 186 428 221 πολλοί:-
42 188 61 216 εἷς
69 195 102 215 ἐστὶ
111 198 145 219 καὶ
146 191 209 217 μόνος,
223 191 249 221 ἀλλ᾽
252 191 293 220 οὐχὶ
295 191 362 221 κόσμοι
461 185 508 216 Πόθεν
513 185 571 213 ἔννοιαν
577 185 613 221 ἔσχον
620 187 642 213 θεοῦ
652 185 675 220 οἱ

42 230 94 257 ννοιαν
391 225 443 257 ὄντων
531 215 611 248 ἄνθρωποι:-
104 224 147 256 ἔσχε
152 222 184 253 θεοῦ
617 219 649 250 στ´.
189 231 201 254 ὁ
207 229 252 253 ἄνθρωπος,
262 228 306 253 ἀπὸ
310 226 346 254 τῆς
351 227 384 259 τῶν
445 228 515 251 τάξεως.
0 221 35 272 Ἔ

38 264 74 295 ἀπὸ
78 266 109 296 τῆς
111 267 213 293 ἱσονομίας
217 268 247 289 τῶν
255 272 330 292 φύσεων.
442 273 513 295 πάντα
338 272 376 290 ἀπὸ
413 271 433 296 εἰς
379 269 409 294 τῆς

455 308 526 338 φωστήρων
38 309 134 334 διοικούσης
147 309 227 334 προνοίας.
246 313 258 330 ἥ
267 309 292 336 τε
292 300 320 330 γὰρ
323 305 362 332 τῶν
363 309 445 336 μεγάλων

37 348 110 372 ἀνατολὴ
115 356 138 371 καὶ
137 344 188 369 δύσις
484 348 532 377 ἔχου
196 349 224 371 ἐν
266 348 324 369 αὐτοῖς
225 342 258 372 τοῖς
335 351 406 373 καιροῖς
417 346 482 377 ὁμοίως

25 394 56 413 σα,
65 384 81 413 καὶ
90 389 102 416 οἱ
109 387 140 414 τῶν
145 384 186 412 ἀστέρων
193 388 266 410 δρόμοι
271 391 299 414 τὴν
307 383 405 416 ταυτότητα
414 384 517 418 σώζοντες

32 436 60 451 καὶ
67 428 74 447 οἱ
79 429 102 448 τοῦ
110 428 157 454 οὐρανοῦ
162 421 260 455 περιφορὰ
268 426 296 461 καὶ
300 426 377 454 περίοδος
384 427 509 454 κυκλωτερῶς

36 463 98 488 πάντα
107 464 201 495 σφίγγουσα
214 476 243 489 καὶ
250 468 356 489 συνδέουσα,
373 480 389 495 καὶ
410 467 449 493 ἄλλα
457 464 525 490 ὡσαύ
396 464 412 491 τ᾽

31 508 66 529 τως
77 504 136 535 ἔχοντα,
150 509 254 527 ἀλαλήτοις
265 509 336 532 στόμασι
346 507 448 535 προνοητὴν
455 517 504 530 τινὰ

30 547 56 567 τοῦ
65 544 136 575 παρόντος
145 541 189 569 εἶναι
201 548 355 574 ἀνακηρύττουσιν.
372 551 387 569 εἰ
390 546 419 576 γὰρ
423 544 487 576 τυχαία
495 551 515 577 καὶ

31 581 122 606 αὐτόματος
131 584 151 605 ἦν
161 585 169 603 ἡ
175 588 201 605 τοῦ
211 584 281 608 κόσμου
291 580 395 612 σύμπηξις,
406 584 426 607 ἦν
434 579 456 607 ἂν
463 588 478 613 καὶ
485 589 510 615 τὰ

29 617 73 646 μέρη
78 624 110 653 τοῦ
115 625 184 647 κόσμου
195 618 279 645 ἀτάκτως
290 621 310 651 καὶ
312 621 373 655 ἀλόγως
380 623 484 655 φερόμένα.

18 660 62 684 νῦν
67 662 84 679 δὲ
92 664 118 682 καὶ
125 664 133 679 ἡ
140 661 227 685 εὔρυθμος
237 659 269 684 τοῦ
275 661 329 687 παντὸς
342 661 417 686 κίνησις
426 664 442 693 καὶ
453 669 468 689 τὸ
476 669 524 688 μηδὲν

24 698 83 728 ἀλόγως
92 701 100 721 ἢ
106 704 144 726 τὴν
151 704 217 725 κίνησιν
225 700 268 732 ἔχειν
278 695 289 720 ἢ
294 705 330 727 τὴν
338 705 413 733 ἡσυχίαν.
431 707 467 733 ἀλλὰ
473 704 525 732 πάν

25 736 42 754 τα
49 738 135 764 εὐαγώγως
142 737 262 767 ἡνιοχεῖσθαι,
390 737 527 774 ἀναδείκνυσι
263 739 293 770 τὸν
337 742 381 770 ἡμῖν
298 737 331 769 θεὸν

427 778 449 813 ὁ
451 778 508 816 θεός
16 777 92 799 ποιητὴν
102 774 127 804 καὶ
127 780 226 804 προνοητὴν
237 779 269 803 τοῦ
276 779 370 808 παντός:-
392 778 422 809 Τίς
