626 813
47 48 83 81 οἷον
104 49 128 78 τοῦ
137 49 194 79 πυρὸς
201 49 293 75 δύναμις
318 47 357 78 εἶτα
366 53 379 72 ὁ
383 50 419 74 ἀὴρ
435 50 467 73 καὶ
474 45 528 71 μετὰ
83 52 103 77 ἡ

46 101 109 121 τοῦτον,
211 95 244 116 τοῦ
121 94 140 122 τὸ
146 101 210 124 στοιχεῖον
250 90 311 115 ὕδατος
327 92 443 114 τελευταῖον
473 86 490 112 τὸ
448 89 469 109 δὲ
496 92 535 113 τῆς

44 131 75 160 γῆς
82 135 136 159 σῶμα
142 130 286 155 τεθεμελίωται.
299 127 333 153 καὶ
340 128 404 150 πάντα
412 130 452 149 μὲν
460 125 481 147 ἐν
485 128 539 149 πᾶσι

47 167 84 203 ἐστί,
99 175 167 199 ἕκαστον
174 170 197 194 δὲ
197 170 231 193 τῶν
237 169 313 195 στοιχείων,
329 165 406 197 ὁλότητα
414 161 457 194 τινὰ
461 163 546 193 περιγε-

49 207 168 240 γραμμένην
170 215 218 236 ἔχει.
223 209 254 235 καὶ
259 206 317 233 πάντα
327 206 404 236 ἀλλήλοις
413 198 481 235 ἔγκειται
492 201 527 227 καὶ

51 247 185 276 παράκειται:-
206 247 243 273 Τίς
457 236 566 275 ἐγκλιθῆναι:-
250 246 262 270 ἡ
265 246 317 271 αἰτία
325 248 347 269 τοῦ
348 242 380 271 τὸν
384 241 449 272 κόσμον

52 293 134 317 αυμάζω
141 289 174 312 τῶν
182 286 291 317 φιλοσόφων
302 288 368 311 ἐνίων
373 289 496 315 μεταπεσεῖν
499 283 521 312 τὸν
558 285 596 317 λα´.
11 279 47 339 Θ

49 329 118 353 κόσμον
129 325 183 354 μετὰ
189 328 228 350 τὴν
232 330 314 354 πρώτην
320 330 415 352 οἰομένων
421 324 541 354 δημιουργίαν

50 375 104 394 ὥσπερ
107 364 248 396 ἐξολισθήσαντα
254 368 289 390 τῆς
294 364 350 389 οἰκίας
353 361 426 391 τάξεως
499 367 538 387 μὲν
433 368 465 386 καὶ
470 362 494 383 τὸν

45 408 118 433 βόρειον
127 407 192 430 πόλον
196 403 351 426 μετεωρισθῆναι
364 399 450 424 ὑπόγειον
455 401 475 420 δὲ
477 398 544 423 γενέ-

53 447 97 472 σθαι
104 445 135 470 τὸν
141 441 192 470 νότιον
210 444 237 468 καὶ
245 443 284 466 τὴν
285 440 395 470 ἰσημερινὴν
403 438 462 463 ζώνην
474 440 504 461 ἐπὶ
508 438 541 462 τὴν

52 482 177 512 μεσημβρίαν
184 481 331 511 μετεγκλιθῆναι.
346 483 429 509 τοσοῦτον
440 471 468 504 γὰρ
474 476 541 505 ἠγνοή-

52 529 105 552 κασιν
109 522 146 549 ὅτι
156 526 204 553 παρὰ
210 521 240 544 τὴν
246 524 342 551 διαφορὰν
346 524 377 545 τῶν
385 516 495 547 κλιμάτων
498 515 551 542 θέ-

115 562 173 589 πόλοι.
51 559 78 586 σιν
84 559 111 587 οἱ
180 558 228 587 νῦν
278 561 316 588 ἐπὶ
326 560 357 582 τοῦ
365 556 454 585 ὀρίζοντος
461 554 533 585 κύκλου
233 561 271 587 μὲν

48 601 126 628 ἑστήκασι
140 604 169 628 καὶ
179 597 288 626 ἀμετάθετοι.
303 602 343 623 τοῖς
345 600 366 622 δὲ
371 598 388 623 τὸ
395 598 464 627 βόριον
471 595 545 621 κλίμα

47 642 136 665 λαχοῦσιν
146 641 204 668 οἰκεῖν,
228 638 268 661 μὲν
212 642 223 665 ὁ
274 640 337 665 ἐκεῖσε
344 641 406 663 πόλος,
424 639 528 663 μετέωρος

50 678 139 707 φαίενται
152 676 188 701 καὶ
192 682 291 707 ἀειφανῆς.
353 678 416 709 νότιος,
310 682 322 702 ὁ
326 677 346 707 δὲ
422 675 466 701 ὑπὸ
477 681 533 702 τὴν

50 715 81 747 γῆν
85 718 176 747 κρύπτεται.
188 718 215 739 οὐ
221 718 330 742 μετεκλίθη
336 722 377 746 γοῦν
382 720 400 745 ὁ
405 716 478 743 κόσμος
482 724 514 741 ἐπ᾽
516 714 573 744 οὐδὲν

46 752 89 784 μέρος
104 756 132 787 ἀλλ᾽
137 760 150 782 ἡ
152 755 186 778 τῶν
192 761 283 783 οἰκήσεων
290 752 346 782 θέσις,
348 754 431 785 φαντάζει
474 748 595 785 ἔγκλισιν:-
436 756 467 781 τὴν
