744 828
214 25 253 57 καὶ
260 28 369 56 κουφότατον
372 34 416 54 μὲ
514 38 573 63 πᾶσιν
435 29 474 63 πῦρ
482 35 506 55 ὡς
413 26 436 57 τὸ
580 40 708 72 ἐπιπολάζον.

220 70 313 95 βαρύτατον
320 72 342 91 δὲ
349 69 359 89 ἡ
363 70 384 94 γῆ
389 76 413 96 ὡς
417 70 475 98 πᾶσιν
483 70 603 101 ὑποκείμενον.
620 89 660 106 πᾶν
663 92 684 109 δὲ
685 94 719 113 σῶ-

217 118 252 136 μα,
266 120 294 139 ἐν
297 121 335 135 μὲν
338 110 363 135 τῷ
368 110 424 132 οἰκίῳ
421 111 477 137 τόπῳ
480 113 527 139 ἑστώς,
542 116 579 146 οὔτε
587 125 635 148 βαρὺ
643 127 680 145 ἐστὶν
688 123 719 153 οὔτε

222 155 301 181 κοῦφον,
314 152 363 179 ὅταν
370 156 395 176 δὲ
400 152 475 178 ἀποστῆ
481 158 518 180 τῶν
523 154 591 179 οἰκίων
600 159 658 188 τόπων,
660 165 691 190 καὶ
700 165 739 193 μέ-

217 191 250 213 λλη
258 190 313 220 πρὸς
318 194 381 221 αὐτοὺς
387 192 480 220 ἀπιέναι,
496 196 544 223 τότε
553 200 564 228 ἢ
569 199 668 225 βαρύτατον
666 201 719 231 ἴσχει

240 228 385 263 κουφότατον:-
429 236 481 265 Περὶ
485 235 650 270 ἐλαχίστων:-
201 225 230 253 ἢ

674 282 719 308 ὧν
103 270 129 296 ιγ´.
612 280 668 308 τινα,
297 271 359 300 φασὶν
216 283 287 305 λάχιστα
365 276 384 300 οἱ
384 276 500 308 φιλόσοφοι,
512 279 611 308 σωμάτιά
164 261 204 332 Ἐ

204 321 252 344 οὐκ
255 312 297 342 ἔστιν
307 313 376 344 ἕτερα
381 316 510 346 σμικρότερα,
518 322 557 343 καὶ
564 321 686 350 ὑποτίθενται
693 319 725 356 ἀ-

215 362 276 380 μερῆ
283 362 343 382 τινά,
350 356 387 386 ἤτοι
399 360 535 390 σμικρομερῆ
542 357 563 389 καὶ
567 360 633 392 ἄοικα
648 359 678 386 ἤτοι
685 373 713 391 μι-

218 398 344 427 κρομεγέθη
359 395 427 432 ἀρχὰς
435 405 472 427 τῶν
480 403 535 432 ὄντων
553 408 620 433 ἀρχὰς
624 402 643 428 δὲ
652 406 672 430 οὐ
672 415 707 432 ποιη-

209 440 276 467 τικὰς
292 439 321 472 ἀλλ᾽
327 441 403 472 ὑλικάς.
415 442 494 470 λέγεται
502 445 562 478 πάλιν
571 445 649 477 ἑλάχιστον
658 450 709 480 ἑτέρῳ

207 488 264 515 λόγῳ
276 486 315 509 οἷον
326 485 345 506 οἱ
351 486 488 506 ἀριθμητικοὶ
492 485 575 517 λέγουσι
586 490 710 515 διπλασίους

205 522 285 558 λόγους,
287 522 353 563 ἤγουν
358 529 468 558 ἀριθμοὺς
680 531 729 560 ἑτέ-
479 529 504 558 καὶ
504 529 645 558 τριπλασίους
659 531 676 567 καὶ

207 566 250 589 ρους
259 562 354 593 τοιούτους
373 565 416 597 οἷον
425 571 540 592 διπλάσιος
550 575 601 598 λόγου
607 577 672 602 χάριν
696 571 715 598 η´
678 574 696 592 ὁ

204 606 241 626 τοῦ
365 605 392 635 καὶ
442 607 514 640 πρώτου
550 615 629 643 δεύτερος.
644 611 672 638 τοῦ
674 619 693 638 δὲ
698 619 734 643 δύο
14 600 45 627 καὶ
251 599 347 634 τετάρτου
394 605 434 636 τοῦ
519 613 539 639 ὁ
52 606 74 624 τοῦ
80 607 106 623 δύο,
110 605 119 630 ὁ
123 601 178 629 τέσσαρα

214 653 266 674 πρὸς
279 652 297 673 τὸ
310 651 336 673 ἓν
345 649 457 674 διπλασίου
460 649 529 683 λόγου.
550 657 571 678 oὐκ
575 651 633 679 ἔστιν
641 650 723 681 ὑποδεέ-

207 690 270 716 τερος
280 689 357 719 ἕτερος,
368 691 452 721 ἐλάχιστος
455 690 495 719 οὖν
503 689 623 724 διπλάσιος,
631 697 642 719 ὁ
649 697 667 721 β´πρὸς

210 726 240 749 τὸ
245 731 265 753 α´
284 734 316 755 καὶ
333 728 418 764 ἐλάχιστος
425 727 543 763 τριπλάσιος
545 724 569 760 ὁ
573 733 617 763 τρίτος
623 744 666 762 πρὸς
671 730 687 757 τὸ
694 731 719 754 α´.

202 772 279 800 λέγεται
285 774 382 803 ἐλάχιστον,
392 778 411 804 καὶ
418 779 434 807 τὸ
442 775 474 802 κατ᾽
476 776 608 800 εὐτελισμὸν
612 778 726 800 λεγόμενον.
