586 762
45 41 64 61 τὸν
70 41 83 65 ὂν
88 38 153 66 ἀχρόνως
160 42 184 69 τῷ
185 42 261 66 γινομένῳ
269 39 336 64 πάρεστιν,
342 37 385 65 οὕτως
394 35 425 61 αὐτὴ
432 38 497 65 ἀχρόνως

48 85 70 101 τῷ
75 80 141 103 σώματι:-
194 74 243 101 Περὶ
251 80 341 101 διαφορᾶς
348 72 458 97 γνώσεως:-

11 105 52 159 Π
97 116 123 137 ἐστὶ
130 113 157 137 καὶ
162 116 175 133 ἡ
176 112 259 134 ψυλοτέρα
268 112 298 132 τῶν
305 114 374 138 γνώσεων
381 108 455 132 ἁπασῶν,
464 113 472 130 ἡ
476 113 502 130 τῆς
549 97 573 127 οζ´.
54 118 89 139 ρώτη

385 145 432 174 τοίνυν
54 162 129 174 προνοίας
142 152 176 172 ἥτις
185 152 216 172 ἐστὶν
223 149 299 175 ἐνέργεια
300 149 325 168 τοῦ
326 147 367 171 θεοῦ,
372 146 385 173 ὁ
438 143 459 174 θεὸς
466 144 504 173 ὑπὲρ

49 178 103 211 πάντα
112 187 137 205 τὰ
141 187 175 206 ὄντα
185 179 205 206 ὢν
224 196 252 211 καὶ
259 184 294 211 ὑπὲρ
299 183 344 205 αὐτὸν
353 184 377 204 τὸν
381 182 415 204 νοῦν
422 178 458 204 ἔχων
465 178 491 199 τὴν

49 229 123 247 δύναμιν
133 226 160 246 καὶ
171 223 234 246 κυρίως
241 215 264 243 ἓν
270 218 354 247 ὑπάρχων,
363 220 402 239 αὐτῷ
408 223 422 239 δὴ
427 222 449 239 τῷ
454 214 489 239 ἑνὶ

48 264 99 287 μόνῳ
106 262 178 287 προνοεῖν
181 258 244 286 λέγεται
254 257 322 280 πάντων.
338 261 412 283 Δευτέρα
421 261 439 277 δὲ
450 260 473 279 ἐστὶ
483 258 509 279 γνῶ-

43 304 73 327 σις,
82 302 99 324 ἡ
103 298 156 322 νοερὰ
165 297 209 327 αὐτοῦ
217 300 249 321 τοῦ
253 293 339 317 παντελοῦς
349 297 375 315 νοῦ
384 295 444 315 ὁλικῶς
449 297 469 318 τὰ
474 293 513 315 πάντα

50 339 119 362 νοοῦντος.
138 333 182 362 Τρίτη
189 337 226 358 μετ᾽
227 330 272 354 αὐτὴν
276 331 328 356 γνῶσις,
334 334 355 356 ἡ
363 334 391 353 τῆς
392 332 452 352 λογικῆς
453 332 506 352 ἡμῶν

44 375 102 402 ψυχῆς,
111 376 151 394 ἥτις
152 368 231 396 διαιρεῖται
240 374 257 392 εἰς
263 369 310 400 δόξαν
318 370 352 402 καὶ
357 370 445 391 ἐπιστήμην
461 374 486 398 ἀλλ᾽
487 370 501 388 ἡ

48 412 85 437 μὲν
92 410 142 437 δόξα,
148 409 180 430 τῶν
192 408 301 432 κινουμένων
307 408 334 435 ἐστὶ
335 409 394 434 γνῶσις
411 405 442 428 ἥτοι
449 410 486 428 τῶν

50 448 204 472 μεταβαλλομένων
222 450 232 467 ἡ
233 448 261 469 δὲ
265 449 355 470 ἐπιστήμη,
358 444 392 467 τῶν
397 443 489 467 ἀκινήτων,

44 482 79 508 οἷον
85 486 129 509 ψυχῆς
137 490 167 511 καὶ
175 486 200 505 νοῦ
211 482 240 508 καὶ
246 485 273 506 τῶν
279 479 351 508 τοιούτων.
371 478 440 505 Τετάρτη
447 480 497 505 γνῶσις

50 534 77 549 καὶ
82 513 181 544 τελευταῖα,
187 522 208 541 ἡ
213 520 243 541 τῆς
248 515 298 548 ἀλόγου
305 520 352 548 ψυχῆς
358 521 410 542 ἡμῶν
421 515 494 538 αἴσθησις

52 564 59 580 ἢ
64 561 151 584 φαντασία
168 558 237 584 μερικῶν
242 556 340 584 πραγμάτων
350 552 493 581 ἀντιλαμβανόμε-

35 600 81 618 ναι:-
126 599 180 618 Πῶς
189 595 237 617 οἶδεν
247 597 255 614 ὁ
258 589 287 618 θεὸς
294 597 315 618 τὰ
323 589 445 624 μεταβαλλόμενα
450 590 556 623 πράγματα:-

13 622 44 673 Ο
79 635 102 652 ὡς
107 632 135 658 ἔχει
143 635 169 654 τὰ
178 632 264 658 πράγματα
271 632 340 658 γινώσκει
346 632 360 651 ὁ
361 636 388 656 θεὸς
402 630 450 650 ταῦτα
456 632 482 657 ἀλλ᾽
484 632 501 649 ὡς
539 628 567 649 οη´.
44 641 64 651 ὐχ

44 668 87 694 ἐστὶν
89 672 134 694 αὐτὸς
141 675 173 696 κατ᾽
174 673 226 696 οὐσίαν
246 671 279 687 οἷον
286 672 314 696 εἰσὶ
323 669 407 689 πράγματα
408 669 475 689 μεριστά,
479 669 487 683 ὁ
488 669 513 695 δὲ

450 709 469 729 Καὶ
45 707 79 727 θεὸς
89 707 161 729 ἀμέριστος
183 707 271 729 ἀμερίστως
283 707 314 725 οὖν
319 707 347 725 εἶδε
389 707 446 728 μεριστά.
355 703 379 730 τὰ
476 707 507 728 πάλιν
