726 883
37 81 108 107 γενητόν:-
180 76 227 109 Περὶ
231 79 259 104 τοῦ
297 78 392 105 τρέφεται
402 72 419 105 ὁ
423 71 533 100 κόσμος:-
265 80 285 102 εἰ

131 116 155 149 μοι
16 120 44 164 Ο
162 129 250 150 εὐηθείας
254 119 334 148 δοκοῦσιν
397 123 420 144 οἱ
563 111 610 140 κη´.
71 126 122 153 πόρρω
421 114 536 146 τρέφεσθαι
341 113 380 153 εἶναι
47 130 62 145 ὐ

41 166 81 187 τὸν
426 153 472 185 οὐρανὸν
86 164 151 185 κόσμον
355 159 387 186 εἴτε
485 154 530 185 κόσ-
166 160 344 182 ὑπολαμβάνοντες
397 151 422 185 τὸν

53 199 92 234 μον
97 197 243 222 κατανομάζουσιν
408 190 431 221 τῷ
258 198 279 218 ὡς
287 195 297 215 ὁ
300 190 370 218 πλάτων
379 194 404 218 ἐν
436 191 521 218 τιμαίῳ

444 227 470 256 γάρ
49 239 82 261 εἴτε
91 239 139 262 μετὰ
148 243 178 261 τοῦ
312 227 340 264 τὰ
183 238 267 261 αἰθέρος
278 232 310 258 καὶ
347 232 411 260 στοιχεῖα.
425 228 443 262 εἰ
479 232 548 254 τελε-

211 271 224 297 ὁ
54 276 111 299 ώτατος
120 279 149 305 κατ᾽
154 276 206 301 αὐτοὺς
227 271 300 298 κόσμος,
311 269 376 300 μάλιστα
384 273 408 292 δὲ
420 270 451 293 καὶ
458 270 532 295 ἀΐδιος,

424 307 453 340 καὶ
310 305 349 339 γὰρ
50 322 89 344 πῶς
98 313 122 343 ἂν
128 319 184 339 δεηθῆ
191 317 267 343 τροφῆς.
459 304 479 339 τὸ
283 310 300 342 τὸ
351 309 414 339 ἀτελὲς
483 309 544 339 ἐνδε-

258 351 274 382 τὸ
360 359 389 377 καὶ
223 353 251 388 οὐχὶ
53 353 68 375 ὲς
79 352 164 382 τρέφεται,
182 350 216 381 ἀλλ᾽
277 351 353 375 πλῆρες
510 355 537 378 δὲ
398 347 480 378 ἀνενδεές.
495 353 509 374 εἰ

72 392 140 419 τρέφον,
52 392 70 425 τὸ
157 396 267 423 προσθήκην
272 395 301 418 τῷ
491 387 542 411 καὶ
308 393 428 417 τρεφομένῳ
440 387 482 413 ποιεῖ

231 424 264 462 ἂν
53 428 128 457 αὔξησιν,
139 429 228 456 αὐξηθείη
272 429 306 455 καὶ
326 426 394 453 κόσμος
305 433 323 453 ὁ
405 429 545 450 τρεφόμενος

326 465 357 492 ὥστε
50 474 88 495 ἀλλὰ
91 479 127 504 καὶ
129 467 193 500 φθίνοι
197 466 317 495 κενούμενος.
369 459 434 489 μείζων
440 466 451 490 ὁ
454 459 520 492 κόσμος

51 512 114 534 ἑαυτοῦ
121 523 151 537 καὶ
160 511 239 537 ἐλάττων
246 516 333 530 γενήσεται
491 502 521 534 τὸ
350 507 404 533 τοῦτο
409 506 432 532 δὲ
439 504 482 532 πρὸς

436 543 535 573 αὐξήσεως
397 543 432 577 οὔτε
48 551 103 579 ἀτόπῳ
112 550 149 578 καὶ
153 549 219 577 γελοῖον
229 549 316 573 ἄντικρυς.
329 542 348 578 εἰ
353 543 388 574 οὖν

116 589 176 615 κόσμῳ
190 582 229 611 οὔτε
39 585 78 608 δεῖ
82 584 108 614 τῷ
242 585 340 608 κινήσεως,
352 579 387 606 οὔτε
397 584 468 609 τροφῆς
475 578 496 603 ἂν
503 584 544 609 αὐτῷ

41 625 111 652 δεήσοι
118 632 162 654 ποτέ:-
209 624 257 649 Ἀπὸ
268 623 318 648 ποίου
319 620 404 649 στοιχείου
411 624 484 650 πρῶτον
487 616 543 652 ἤρξατο
551 618 561 647 ὁ
562 616 582 646 θεὸς
587 620 633 650 ποιεῖν
661 618 723 654 κόσμον:-
642 614 660 651 τὸν

16 652 55 706 Μ
108 667 141 688 μὲν
148 666 158 692 ὁ
161 664 245 689 θεόπτης,
249 668 311 693 οὐρανῷ
317 661 359 688 ἅμα
369 662 400 689 καὶ
406 659 430 689 γῆ
471 661 523 690 πρεσ-
551 657 593 692 κθ´.
437 657 459 686 τὰ
57 664 99 691 ωσῆς

98 701 158 735 δίδωσι
46 703 94 730 βεῖα
164 707 199 726 τῆς
209 707 239 724 τοῦ
239 704 308 726 κόσμου
314 705 401 732 γενήσεως.
418 703 454 722 τῶν
457 699 489 732 δὲ
487 698 527 725 παρ᾽

55 739 109 770 Ἕλλησι
118 744 187 770 σοφῶν,
197 738 238 775 ἄλλοι
244 747 291 772 ἄλλως
302 739 398 764 ὠήθησαν.
406 739 428 769 οἱ
482 736 514 768 γὰρ
432 734 475 770 μὲν

50 779 86 809 τὴν
91 780 122 809 γῆν
128 782 196 810 πρῶτον
205 782 307 814 παράγουσιν
316 782 338 805 ὡς
346 781 420 804 κέντρον
424 776 458 803 τοῦ
461 777 525 803 οὐρανίου
