597 801
39 35 115 63 προνοίᾳ,
129 28 163 62 ἵνα
172 32 201 62 μὴ
200 31 292 66 σύρρηξις
300 30 341 58 ὑπὸ
347 31 384 58 τῶν
392 25 446 54 αὐτῶν
448 22 509 58 κατὰ

29 81 106 109 δρόμων
113 80 144 104 καὶ
155 74 289 97 κυκλισμάτων
294 67 388 96 γένηται,
386 68 431 93 κατὰ
440 68 473 90 τὴν
480 60 514 86 ἰδί-

34 129 63 148 αν
70 124 99 146 καὶ
104 120 190 143 φυσικὴν
186 111 271 138 κίνησιν
278 112 305 138 ἐκ
314 110 386 136 δύσεως
390 106 415 138 εἰς
425 102 516 132 ἀνατολὴν

34 158 139 181 φέρονται.
147 151 246 179 κινοῦνται
256 149 278 171 δὲ
322 145 343 173 ἐξ
441 145 459 166 εἰς
466 139 524 166 δύσιν
352 147 435 173 ἀνατολῆς

30 197 75 224 ἀλλὰ
83 199 112 221 τῷ
116 191 173 218 οὐρανῷ
176 189 362 213 συμπεριφερόμενοι
448 182 515 203 ἥλιος
427 180 446 203 ὁ
373 179 424 209 ὅθεν

35 236 83 260 κατὰ
92 229 131 254 μὲν
136 224 169 254 τὴν
170 223 235 258 ἰδίαν
236 222 308 250 κίνησιν,
317 222 405 247 τέσσαρας
411 218 469 249 ὥρας
477 219 529 247 πλη-

34 272 68 307 ροῖ
73 269 107 295 τοῦ
112 267 209 294 ἐνιαυτοῦ.
218 266 262 297 νῦν
269 266 314 290 μὲν
320 264 393 293 βόρειος
405 260 448 290 νῦν
453 259 475 287 δὲ
476 257 519 289 νό-

40 316 84 340 τειος
87 304 211 334 κινούμενος
225 309 282 334 καθὸ
287 305 312 324 δὲ
314 297 416 327 συγκινεῖται
447 299 510 329 οὐρανῷ
423 297 445 331 τῷ

39 348 57 380 ἐξ
60 344 147 375 ἀνατολῆς
154 347 175 371 εἰς
182 344 239 372 δύσιν,
251 344 312 371 ἡμέρας
322 342 337 371 καὶ
344 340 408 366 νύκτας
417 336 462 368 ποιεῖ

87 390 172 418 Ποταπὰ
179 384 219 412 τῶν
225 384 311 409 ἀστέρων
315 383 342 410 τὰ
346 383 450 410 σχήματα:-

3 411 40 465 Π
106 424 151 457 ὄντων
160 421 254 458 σχημάτων
266 423 369 454 τριγωνικῶν
374 420 502 457 τετραγωνικῶν
548 405 579 440 λθ´.
45 430 94 453 ολλῶν

41 464 125 493 κυβικῶν
139 463 275 491 πυραμοειδῶν
290 462 322 486 καὶ
330 459 363 480 τῶν
366 459 440 479 λοιπῶν
449 458 552 480 εὐθυγραμ-

38 508 106 539 μικῶν,
121 508 190 531 κάλλιστον
200 500 232 525 ἐστὶ
238 497 260 520 τὸ
265 499 364 525 σφαιροειδές.
375 498 391 521 ὁ
396 497 452 527 τοίνυν
455 490 511 523 οὐρανὸς

44 547 74 568 καὶ
84 542 181 570 σύμπαντες
191 537 262 567 ἀστέρες
271 538 312 558 τοῦ
321 535 427 562 σφαιρικοῦ
427 532 520 564 σχήματος

42 580 82 606 ὄντα
91 581 178 609 τυγχάνουσι
194 576 232 604 καὶ
238 578 293 609 δῆλον
303 574 340 603 ἀπὸ
346 573 381 598 τῶν
387 578 415 596 τῆς
419 571 501 600 σελήνης

43 619 138 646 φωτισμῶν.
158 623 195 645 διὰ
202 616 233 642 γὰρ
239 616 257 643 τὸ
262 612 358 644 κύρτωμα
364 611 435 641 ταύτης,
444 607 482 638 οὐκ
486 609 517 636 εὐ-

41 657 80 689 θὺς
88 660 122 688 ὅλη
130 656 184 688 παρὰ
187 661 219 685 τοῦ
227 659 289 685 ἡλίου
299 652 407 681 φωτίζεται
421 652 463 687 ἀλλὰ
469 650 520 680 κατὰ

365 692 409 716 φωτός.
428 688 469 717 ἔδει
43 697 105 729 βραχὺ
113 693 147 720 τὴν
322 690 361 724 τοῦ
150 697 236 724 αὔξησιν
243 694 316 723 δέχεται
479 690 502 720 γὰρ
506 689 532 722 τὸ

35 736 129 771 αἰθέριον
136 737 199 765 σῶμα,
206 733 243 765 τῷ
248 736 320 766 καλλίστῳ
323 737 360 767 τῶν
369 737 456 762 σχημάτων
464 732 550 761 ἀποτορ-
