564 820
39 29 77 48 ἀπὸ
87 28 104 47 δὲ
113 25 137 44 τῆς
143 21 215 45 θερινῆς
223 15 294 42 δύσεως,
301 22 345 43 πνεῖ
346 22 365 42 ὁ
366 19 437 47 ἀργέστης
444 21 462 43 ὃν
469 22 481 42 ὁ
482 25 531 45 πτωλε-

41 65 104 91 μαῖος,
113 68 184 90 ἰάπυγα
190 66 313 89 προσαγορεύει.
329 66 356 88 Καὶ
366 59 409 90 οὗτοι
417 60 449 87 μὲν
456 63 476 86 οἱ
479 54 527 86 ὀκτὼ

40 104 114 131 ἄνεμοι,
126 95 172 130 κατὰ
173 99 274 130 διάμετρον
285 104 361 133 ἀλλήλων.
381 100 445 129 Ἕτερος
452 105 468 123 δὲ
476 100 536 130 ἄνεμος,

41 145 80 173 ἀπὸ
87 149 119 173 τῆς
127 143 174 167 μιᾶς
182 145 242 167 τομῆς
249 136 280 167 ἐστὶ
285 145 315 164 τοῦ
321 143 410 167 ἀρκτικοῦ
418 142 473 167 πόλου
478 147 506 166 καὶ
514 135 539 167 κα-

39 185 96 211 λεῖται
104 183 171 213 βορέας
181 179 193 206 ἢ
198 185 258 211 μέσης
263 183 338 210 μεταξὺ
347 187 412 207 πνέων
422 184 489 211 καικίου
502 186 529 212 καὶ

41 225 134 249 ἀπαρκτίου
155 224 197 249 ἄλλος
460 230 541 252 ἀρκτικοῦ
208 221 229 245 δὲ
236 227 272 247 ἀπὸ
280 226 312 246 τῆς
317 227 359 252 ἄλλης
363 225 415 247 τομῆς
423 224 460 248 τοῦ

42 266 72 293 καὶ
81 262 159 293 καλεῖται
171 264 221 290 οὗτος
225 263 332 294 θρασκίας
353 266 425 292 μεταξὺ
435 258 457 285 ὢν
463 265 538 291 ἀπαρκτίου

40 318 69 335 καὶ
78 311 164 334 ἰάπυγος.
232 308 251 329 δὲ
259 305 296 329 ἀπὸ
302 303 330 328 τῆς
334 305 379 331 μιᾶς
387 306 438 335 τομῆς
452 304 481 323 τοῦ
485 302 536 324 νοτίου
175 311 229 337 Πάλιν

46 343 121 374 πόλου,
125 349 177 374 πνεῖ
180 353 191 372 ὁ
196 343 286 374 εὐρόνοτος
304 343 376 373 μεταξὺ
385 347 407 367 ὢν
412 346 454 374 εὔρου
461 343 487 368 καὶ
488 343 534 363 νότου.

44 390 86 413 Ἀπὸ
89 389 112 413 δὲ
117 390 144 412 τῆς
150 389 219 416 ἑτέρας
226 390 289 416 τομῆς,
296 390 309 410 ὁ
310 386 401 411 λιβόνοτος
415 384 482 415 μεταξὺ
491 389 512 411 ὢν
516 388 533 411 λι-

42 438 74 461 βὸς
86 435 112 456 καὶ
121 428 165 454 νότου
188 429 210 462 ὃς
212 432 238 452 καὶ
245 437 336 457 φοινικίας
349 423 424 452 καλεῖται.
449 426 478 455 Καὶ
483 432 506 453 τὰ
510 426 543 453 μὲν

44 470 105 503 βόρεια
114 471 226 498 πνεύματα,
236 481 294 497 πολλὰ
300 467 342 495 μὲν
352 473 388 499 οὐκ
390 471 449 488 εὔτονα
452 467 477 489 δὲ
489 463 519 490 διὰ
525 464 543 486 τὸ

41 519 80 544 ἀπὸ
87 515 149 538 πολλῆς
158 510 240 544 ὑγρότητος
246 514 295 543 πνεῖν
312 512 341 535 τὰ
347 516 369 537 δὲ
375 513 432 536 νότια,
442 510 489 534 ὀλίγα
493 505 526 532 μὲν

48 555 74 577 διὰ
79 561 110 579 τὴν
120 555 187 578 ἔνδειαν
192 556 219 577 τῆς
229 552 268 577 ὕλης
289 551 361 577 εὔτονα
365 556 382 573 δὲ
389 558 421 575 διὰ
430 553 454 574 τὴν
463 554 482 573 τῆς
486 546 506 571 γῆς
511 550 526 579 ξη-

46 592 106 620 ρότητα
116 595 181 625 τούτων
190 596 222 617 τῶν
231 597 306 624 ἀνέμων
315 596 430 617 ἐπινέφελοι
436 589 467 622 μὲν
477 589 538 619 κεκίας

42 639 74 660 καὶ
81 637 152 661 βορέας
172 641 272 661 ἀστραπαῖοι
279 640 303 661 δέ,
314 642 410 662 ἀπαρκτίας
429 632 488 661 βορέας
491 633 524 656 θρα-

41 680 95 700 σκίας
118 678 150 704 καὶ
157 681 227 703 ἀργέστης
235 677 328 704 ἐκνεφίας
338 679 353 702 δὲ
362 681 373 701 ὁ
376 676 434 704 βορρᾶς
453 676 467 704 καὶ
472 670 538 698 νιφετώδης

42 713 88 744 μέν,
96 724 156 743 μέσης
164 731 177 747 καὶ
184 719 276 746 ἀπαρκτίας
281 720 392 747 χαλαζώδης
400 712 419 746 δὲ
517 710 531 737 καὶ
424 717 511 743 ἀπαρακτίας

41 761 141 784 θρασκίας
151 760 183 782 καὶ
187 759 261 784 ἀργέστης.
283 761 407 783 Καυματώδης
412 756 440 780 δέ,
450 751 488 778 νότος
496 760 523 777 καὶ
