603 833
40 51 50 72 ὁ
59 50 158 76 ἀριστοτέλης
168 49 200 68 τὴν
209 50 286 73 ἐρυθρὰν
291 52 331 76 λέγει,
344 55 376 74 διὰ
384 55 397 72 τὸ
402 60 429 76 μὴ
437 52 470 79 ἔχει
474 52 530 79 πέρας.

38 96 86 117 τόπος
94 97 113 114 δὲ
119 91 144 114 ἐστὶ
153 92 187 118 περὶ
195 96 219 114 τὸν
225 94 302 114 ποταμὸν
312 85 343 113 τὸν
347 92 445 119 βαθύτατον.
461 88 531 120 βάθος

43 130 145 160 καλούμενος
157 126 207 156 ἔνθα
216 128 321 153 ἀναδίδοται
328 125 375 159 ὕδωρ
382 126 479 153 γλυκύτατον
486 129 531 155 μετὰ

47 172 120 195 πολλοῦ
123 171 261 196 πνεύματος:-

28 211 78 240 Διὰ
84 217 106 235 τί
109 206 132 235 τὸ
137 205 258 233 θαλάττιον
265 208 318 239 ὕδωρ
331 208 349 232 οὐ
359 206 426 237 τρέφει
432 214 461 233 τὰ
470 208 544 236 δένδρα:-

5 249 39 300 Ο
56 252 124 281 τρέφει
129 252 157 274 τὰ
163 252 230 278 δένδρα
236 255 255 272 τὸ
262 249 357 281 θαλάττιον
365 250 420 279 ὕδωρ,
428 252 475 276 διότι
482 246 514 279 οὐκ
547 237 588 285 ξβ´.
38 259 51 276 ὐ

38 297 120 316 ἐνδύεται
132 294 174 315 ταῖς
182 290 239 319 ῥίζαις
247 291 300 313 αὐτῶν
317 291 363 315 οὐδὲ
370 290 490 319 ἀναφέρεται
496 296 534 316 τα-

138 333 222 358 στέλεχος
116 329 132 359 τὸ
37 335 83 355 χέως
91 332 113 355 εἰς
232 330 266 357 καὶ
274 330 303 358 τοὺς
317 329 450 358 ἀκρέμονας
451 335 483 354 διὰ
491 337 522 357 τὸ

42 369 96 402 παχὺ
160 384 189 398 καὶ
194 372 220 394 ὅτι
233 372 258 395 ἐκ
262 371 346 400 μηριθὲς
356 383 389 399 καὶ
397 369 464 393 γεῶδους.
473 374 521 401 τοῦτο
103 372 148 399 εἶναι

39 415 58 434 δὲ
69 409 194 436 ἀποδείνυται,
213 414 253 436 ἀπὸ
261 414 290 436 τοῦ
294 416 352 442 μᾶλλον
361 409 423 442 ἀνέχειν
433 408 457 439 καὶ
469 410 538 437 ὑπερεί-

262 452 400 479 κολυμβῶντας.
39 454 66 476 δειν
73 453 97 473 τὰ
103 452 177 477 πλοῖα
184 464 216 478 καὶ
223 451 257 483 τοὺς
421 449 477 478 εἴποις
480 456 514 482 δὲ

40 488 56 525 καὶ
65 488 116 524 ἄλλην
127 493 199 515 αἰτίαν
340 493 372 520 ἐστι
210 490 236 520 ὅτι
241 490 333 519 ξηραντικόν
377 496 419 523 τοῦτο
424 493 447 515 τὸ
453 490 506 525 ὕδωρ.

36 532 61 561 δεῖ
64 539 81 557 δὲ
93 534 124 559 τοῖς
131 533 205 564 δένδροις
226 537 245 562 οὐ
250 528 338 565 ξηρότητος
348 536 374 564 ἀλλ᾽
382 528 478 565 ὑγρότητος
492 530 522 557 ὅτι

35 575 53 595 δὲ
61 570 126 605 ξηρένει
136 578 149 595 τὸ
155 572 258 605 θαλάττιον
266 571 314 605 ὕδωρ,
328 574 419 602 φανερὸν
428 575 535 601 καθέστη-

38 617 85 642 κεν,
92 615 131 637 ἀπὸ
136 615 164 639 τοῦ
168 615 241 644 βοηθεῖν
254 626 302 644 πρὸς
311 616 345 637 τὰς
355 611 418 638 σήψεις
422 608 527 644 ἐξικμάζων

32 653 101 682 ταύτας
110 653 142 679 καὶ
151 650 275 683 ἀναξηραῖνον.
364 653 454 678 σώματα
459 648 483 679 δὲ
286 652 322 681 καὶ
337 652 357 676 τὰ
492 650 521 675 τῶν

167 695 193 725 ἐν
428 691 464 722 καὶ
197 693 214 726 τῇ
319 689 377 725 ξηρὰν
33 698 162 724 λουσαμένων
225 688 306 719 θαλάσσῃ,
391 687 424 719 ἔχει
469 688 539 723 τραχεῖ-

27 734 60 753 αν
103 732 222 763 ἐπιφάνειαν.
65 728 95 757 τὴν
237 731 289 763 εἴποις
466 730 539 766 πολλῆς
397 732 459 765 αἰτίαν
330 740 390 764 ἄλλην
293 741 326 760 καὶ

405 772 425 801 δὲ
33 771 41 792 ἡ
46 770 127 802 θάλασσα
132 771 201 802 μετέχει
208 774 243 802 τῆς
250 772 369 800 λιπαρότητος.
436 771 527 797 λιπαρὸν
381 770 398 801 τὸ
