630 867
56 84 93 109 τῶν
97 80 114 111 δὲ
122 84 216 106 συνθέτων
222 77 317 106 σωμάτων,
323 82 376 111 αὐτὰ
382 78 410 110 τὰ
414 76 472 105 ἁπλᾶ
475 75 541 104 στοιχεῖα.

58 122 92 151 ἄλλοι
96 125 134 147 μὲν
140 120 170 149 οὖν
177 119 224 150 ἄλλως
230 120 257 146 τῶν
264 120 372 146 φιλοσόφων
379 120 488 144 διηρέθησαν.
494 121 532 146 καὶ

52 165 88 186 τοῖς
89 162 128 185 μὲν
136 161 200 188 ἔδοξεν
204 158 246 185 ἀρχὴ
251 158 268 182 τὸ
274 160 305 185 πῦρ
310 157 345 183 διὰ
352 153 383 178 τὴν
388 162 467 182 δύναμιν
473 158 493 186 καὶ
495 159 514 176 τὸ
518 159 547 179 κα-

46 201 161 225 ταναλίσκειν
169 198 235 224 πάντα
243 197 266 219 εἰς
272 194 323 222 ἑαυτό.
335 198 375 220 τοῖς
384 195 406 217 δὲ
410 203 418 216 ὁ
504 195 533 220 τῶν
423 199 457 222 ἀὴρ
462 199 496 221 διὰ

56 240 106 264 ζώων
111 241 207 263 ἀναπνοήν.
220 238 258 258 τοῖς
265 235 285 255 δὲ
291 240 308 261 τὸ
315 229 360 261 ὕδωρ.
366 232 405 256 διὰ
443 235 517 261 γόνιμον
411 236 442 254 τὴν

54 278 110 303 φύσιν.
123 275 157 301 τισὶ
163 272 180 300 δὲ
188 269 257 299 τούτων,
268 272 284 302 καὶ
290 275 301 299 ἡ
330 269 381 302 ἀρχὴ
448 273 484 294 διὰ
491 272 516 296 τὸ
305 274 324 299 γῆ
383 271 438 302 ἔδοξε.

51 321 78 344 τὰ
90 318 167 341 πλείωνα
175 317 210 340 τῶν
220 311 266 338 ζώων
490 309 538 336 αὐτὴν
277 311 315 340 ὑπὸ
322 311 345 339 γῆς
353 314 436 340 γενᾶσθαι
443 320 458 337 καὶ
468 311 486 337 εἰς

336 354 363 379 τὰ
404 350 467 378 στοιχεῖα,
56 357 166 379 ἀναλύεσθαι.
186 355 244 382 ἕτεροι
248 356 265 381 δε,
278 354 330 373 αὐτὰ
373 349 397 374 δ´
470 345 538 378 ἀρχὰς

51 394 92 416 τῶν
94 393 138 421 ὄντων
150 389 280 419 ἀπεφήναντο.
294 389 371 418 πλάτων
374 393 396 411 δὲ
404 392 459 418 ἀρχὰς
466 388 530 415 εἴρηκε

52 429 82 457 τὸν
88 426 118 455 θεὸν
124 428 145 456 ὡς
150 430 191 460 πατέρα
199 429 221 463 καὶ
224 431 287 461 ποιητὴν
302 436 332 457 τὴν
340 432 383 459 ὕλην
390 430 415 459 ὡς
420 431 532 458 δεχομένην

53 473 87 498 τὴν
95 473 207 497 δημιουργίαν
445 467 521 495 πλάτων,
213 476 228 499 καὶ
235 474 272 495 τὴν
278 467 329 493 ἰδέαν.
338 470 396 496 ἰδέαν
399 468 441 494 λέγει

55 515 88 536 τὴν
95 509 159 538 πρώτην
164 511 236 535 ἔννοιαν
240 508 271 530 τοῦ
276 507 312 531 θεοῦ,
321 516 350 536 καὶ
354 510 384 536 τὴν
395 506 463 538 ἄρρητον
468 505 534 531 ἐκείνην

54 552 157 580 φαντασίαν
166 552 183 578 καὶ
189 548 303 577 ἀνατύπωσιν
309 557 350 577 καθ᾽
356 544 377 579 ἣν
379 552 406 571 τὸν
412 545 478 575 κόσμον
482 547 543 576 ἐδημι-

59 586 156 619 oύργησεν:-
223 587 280 616 Πῶς
288 589 378 615 συνέστη
388 590 400 615 ὁ
404 585 495 616 κόσμος:-

57 626 77 663 ὴν
162 629 173 654 ὁ
180 628 246 656 κόσμος
252 628 316 656 ἔλαβεν
324 632 361 654 ἀπὸ
364 634 393 658 τῆς
400 633 467 656 φύσεως
472 630 492 660 καὶ
498 628 543 657 κινή-
591 629 619 654 δ´.
84 630 156 659 σύστασιν
17 622 55 673 Τ

494 668 537 691 κου-
57 672 99 695 σεως
105 668 137 695 τῶν
139 667 210 695 στοιχείων.
458 666 488 691 εἰσὶ
222 666 279 691 ἐπειδὴ
287 664 317 693 γὰρ
321 667 379 694 τούτων
416 666 453 687 μὲν
386 667 415 687 τὰ

59 705 125 730 φώτατα,
144 704 177 730 οἷον
183 702 214 735 πῦρ
222 708 235 736 καὶ
241 708 271 735 ἀὴρ
283 710 308 735 τὰ
316 705 335 730 δὲ
341 704 434 735 βαρύτατα
442 699 475 734 οἷον
479 701 526 730 ὕδωρ

56 747 89 767 καὶ
94 745 115 767 γῆ.
126 750 154 776 τὰ
160 746 196 773 μὲν
202 750 241 771 ὅσα
246 747 342 772 βαρύτατα,
355 742 400 773 κάτω
404 744 438 773 τοῦ
444 740 520 774 παντὸς

437 785 527 810 μετέωρον
241 785 273 811 ὅσα
61 778 175 815 ὑπερκάθητο.
188 784 213 812 τὰ
217 787 237 811 δὲ
281 783 385 816 κουφώτατα,
394 788 415 811 εἰς
416 785 435 814 τὸ
