646 848
118 39 236 72 ἐξεθλίβετο.
246 36 277 62 Τὰ
283 41 305 62 δὲ
310 37 356 63 αὐτὰ
360 38 421 67 ταῦτα,
425 44 454 70 καὶ
461 45 478 68 εἰς
483 42 501 76 τὸ
508 45 552 75 πέριξ
555 42 628 74 ἐφέρετο.

128 86 172 108 πᾶν
177 83 197 104 δὲ
201 83 221 112 τὸ
225 81 267 111 ἀπὸ
268 84 299 109 τῆς
304 79 332 114 γῆς
337 80 443 108 φερόμενον,
445 84 489 112 ἄνω
497 86 524 114 ἐστί,
530 86 628 119 συνθλιβo-

125 123 198 152 μένων
199 120 232 145 δὲ
230 125 264 151 τῶν
269 122 363 149 σωμάτων
367 124 458 157 ἀλλήλοις,
459 127 472 147 ἡ
474 128 505 150 τοῦ
510 125 570 155 ὕδατος
575 130 621 157 ἐγεν-

128 164 174 193 νήθη
181 164 236 193 φύσις.
326 163 348 194 δὲ
255 168 322 193 ῥευστῶς
351 171 406 192 τοῦτο
410 170 560 197 καταφερόμενον,
572 173 623 207 ἐκοί-

124 212 173 230 λανε
183 206 216 230 τοὺς
222 201 360 234 ὑποκειμένους
362 207 439 235 τόπους.
449 205 467 237 καὶ
474 210 509 233 τοὺς
511 216 614 239 καλουμένους

128 247 208 274 κόλπους
213 248 309 280 θαλατίους
319 248 405 275 ἐποίησεν.
570 249 632 285 ὑποκα-
423 246 447 273 ἐκ
451 246 487 276 μὲν
492 241 524 277 οὖν
521 247 564 281 τῶν

122 285 216 317 θιζόντων
224 286 312 317 σωμάτων
320 287 415 321 ἐγεννήθει
420 295 431 320 ἡ
472 295 503 320 ἐκ
506 299 524 317 δὲ
530 300 561 320 τῶν
564 298 618 326 μετε-
436 291 459 320 γῆ

126 329 254 359 ωριζομένων,
264 333 326 355 οὐρανός
339 334 375 361 πῦρ
382 331 449 361 ἀήρ:-
463 331 489 361 Εἰ
500 333 528 361 ἓν
533 338 556 358 τὸ
563 334 634 359 πᾶν:-

527 375 620 406 φιλοσόφων
15 359 52 395 ε´.
77 364 123 412 Ο
140 370 200 398 πολλοὶ
204 372 271 402 κόσμοι
279 370 385 405 σωματικοὶ
391 375 425 404 κατ᾽
425 374 481 402 ἐνίους
486 374 523 407 τῶν
120 375 135 395 ὐ

124 415 172 440 εἰσίν.
181 417 210 447 ἀλλ᾽
218 409 236 445 εἷς
241 413 275 441 καὶ
279 419 344 440 τέλειος.
365 420 394 440 καὶ
404 419 443 441 οὐδὲ
449 415 513 445 κυρίως
547 414 640 449 ὀνομάζεται.
519 412 545 448 ἓν

124 457 166 479 πῶς
171 454 203 486 γὰρ
208 454 230 480 ἓν
237 456 250 483 ὁ
251 454 326 484 κόσμος
347 457 444 483 σύνθετος
449 456 479 481 ὢν
480 456 512 490 καὶ
512 458 613 483 πολυμερὴς

122 496 166 528 ἀλλὰ
177 492 216 520 διὰ
222 498 253 529 τὴν
258 495 305 525 πρὸς
312 496 387 530 ἄλληλα
393 500 431 524 τῶν
433 498 490 531 μερῶν
554 496 629 527 ἕνωσιν,
502 491 554 530 αὐτοῦ

122 543 163 565 τὴν
171 538 204 568 τοῦ
210 534 255 565 ἑνὸς
261 538 315 571 ἔσχεν
320 542 454 574 προσηγορίαν.
477 543 543 574 κυρίως
547 536 575 570 γὰρ
584 536 613 564 ἓν

125 578 136 603 ὁ
185 581 209 603 ὡς
214 579 331 607 ὑπερπᾶσαν
343 579 448 608 ἁπλότητα.
584 574 614 608 θεόν,
468 581 502 606 ὅσα
507 583 525 604 δὲ
530 583 581 609 μετὰ
143 572 176 602 θεός.

125 621 143 652 οὐ
151 618 222 652 κυρίως
232 618 267 652 ἓν
280 623 326 655 ἀλλὰ
337 627 375 655 διὰ
383 622 413 651 τὴν
420 628 494 648 ἕνωσιν
501 624 517 654 καὶ
521 627 552 646 τὴν
557 621 609 648 μετο-

110 663 155 688 χὴν
589 664 617 688 νοῦς
164 666 199 686 τοῦ
206 665 254 692 ἑνός,
261 665 302 695 οὕτω
308 663 464 697 προσαγορεύεται.
488 669 515 694 καὶ
526 662 551 695 γὰρ
557 664 569 698 καὶ
573 667 581 693 ὁ

124 700 152 726 ἓν
156 706 185 730 ἐστὶ
194 706 211 735 καὶ
218 709 282 732 πολλά.
294 708 330 733 ὅσα
336 707 364 735 γὰρ
369 709 394 731 τὰ
403 705 447 733 ὄντα,
463 708 544 732 τοσαῦτα
552 701 566 734 καὶ
570 703 581 734 ὁ
583 703 617 728 νοῦς,

539 746 607 771 περιέχει,
122 747 167 771 ἐπεὶ
172 743 188 774 καὶ
193 751 220 770 τὰ
228 747 367 774 παραδείγματα
374 746 439 771 τούτων
449 749 468 771 ἐν
478 748 533 771 ἑαυτῷ

124 789 179 812 πολλά.
187 793 203 816 καὶ
210 792 218 810 ἡ
224 790 275 824 ψυχὴ
284 790 366 818 διαιρετὴ
369 788 404 821 γάρ.
415 796 485 816 πολλῷ
490 789 539 812 πλέω
543 782 560 815 τὰ
564 778 611 813 στοιχεῖα
