611 810
53 40 76 66 δὲ
78 48 111 65 τῶν
114 44 212 65 παρηλίων,
223 32 282 63 ἐκεῖνο
291 41 330 64 χρὴ
338 30 412 59 εἰδέναι
422 28 454 56 ὅτι
463 32 476 53 ἡ
480 33 547 60 ἀνα-

52 87 119 111 κλασις
130 80 171 106 ἀπὸ
177 81 212 110 τοῦ
218 76 278 108 νέφους
287 75 352 107 γίνεται
362 76 409 101 πρὸς
423 72 451 100 τὸν
456 66 517 102 ἥλιον

53 129 81 152 τοῦ
88 124 154 155 νέφους
165 120 296 143 πυκνοτέρου
305 117 360 140 ὄντος
521 111 560 135 πα-
365 121 399 141 καὶ
405 110 513 142 στερεμνίου

50 166 78 199 ρὰ
87 168 106 196 τὸ
113 165 136 192 ἐν
139 166 174 189 ταῖς
269 163 302 184 καὶ
309 156 383 183 ὁμαλοῦ.
483 149 531 174 τοῦτο
407 157 439 182 διὰ
450 152 473 178 γὰρ
191 161 247 184 ῥάβδοις

52 212 82 233 καὶ
90 206 154 226 λευκὸς
160 199 248 226 φαίνεται
261 196 275 224 ὁ
280 193 367 221 παρήλιος
389 193 452 217 ἐπειδὴ
463 193 499 215 ἀπὸ
503 190 536 211 τῆς

503 226 539 261 ἀπὸ
263 231 339 266 χρῶμα
37 246 124 274 ὁμαλῆς,
144 241 168 267 ἓν
175 252 201 265 καὶ
209 236 259 270 ταυτὸ
346 230 450 254 διασώζεται.
470 224 503 255 καὶ

43 289 69 312 τοῦ
77 282 143 313 πικνοῦ,
160 282 230 304 ῥαδίως
233 278 297 303 μᾶλον
303 279 333 296 καὶ
337 276 416 295 συντόνως
426 269 526 294 ἀνακλᾶται

44 326 58 346 ἡ
66 321 101 343 ὄψις:-
137 315 194 340 Διὰ
204 318 228 343 τί
232 313 335 340 ἁλμυρὸν
339 314 370 343 τὸ
373 309 414 332 τῆς
418 312 518 341 θαλάσσης
524 308 570 333 ὕδωρ:-

2 354 46 405 Ἁ
123 361 154 387 ἐστι
160 359 208 388 ὕδωρ
212 362 236 386 τὸ
243 351 343 383 θαλάττιον,
359 357 409 375 διότι
419 360 427 374 ἡ
434 350 529 378 καπνόδης
578 337 597 376 ξ´.
48 361 115 390 λμυρὸν

43 401 166 425 ἀναθυμίασις
180 393 263 419 ἄπεπτος
266 393 321 417 οὗσα
330 391 384 419 οὐσία
394 387 536 421 περεμπίπτουσα

41 447 68 471 τῇ
71 447 150 467 θαλάσση,
168 442 213 463 ποιεῖ
221 433 273 458 αὐτὴν
287 436 379 462 ἁλμυρὰν
389 439 421 459 καὶ
434 429 505 458 βαρεῖαν.
523 427 540 454 ἡ

45 480 89 507 αὐτὴ
94 476 112 508 δὲ
124 478 264 507 ἀναθυμίασις
274 473 362 506 ἀπόγειος
374 469 455 498 γινομένη
461 474 492 499 και
502 470 560 495 μιγνυ-

45 528 97 549 μένη
147 519 224 549 θερινοῖς
103 519 135 546 τοῖς
445 509 510 535 ὑετοῖς,
513 504 559 534 ποιεῖ
235 520 268 545 καὶ
272 514 302 547 τοῖς
309 514 432 542 μετοπωρινοῖς

108 553 200 583 ἁλμυρούς.
403 547 474 584 πάσχουσι
283 559 363 582 ποταμοὶ
371 555 397 582 οὐ
488 548 532 580 τὴν
39 557 93 580 αὐτοὺς
215 558 244 584 οἱ
249 558 272 578 δὲ

47 600 140 623 ἁλυκότητα,
154 602 185 621 διὰ
191 591 229 622 τὴν
236 593 325 621 ἄπαυστον
336 596 395 618 αὐτῶν
405 590 463 624 ῥύσιν.
469 595 542 617 χρεία

277 633 294 659 ἡ
158 635 194 659 ἵνα
78 639 153 661 στάσεως
48 630 78 664 γὰρ
205 630 275 659 γένηται
299 636 361 662 κράσις
366 635 403 658 τῆς
411 636 547 659 καπνώδους

41 678 208 706 ἀναθυμιάσεως,
216 675 267 703 τοῖς
267 672 396 702 ὑποκειμένοις
406 666 470 695 ὕδασιν.
489 666 550 698 αἴτιον

110 716 226 749 ἁλμυρότητος,
283 716 295 743 ὁ
78 712 102 746 τῆς
494 705 541 739 θερ-
403 708 424 744 γὰρ
300 713 355 748 ἥλιος
44 711 70 747 δὲ
242 713 279 746 καὶ
374 710 393 739 τῇ
436 715 488 741 οἰκεία

405 760 426 780 τὸ
31 755 119 781 μότητι
372 757 401 789 καὶ
233 752 265 784 τὴν
122 752 226 784 ἐξατμίζων
267 751 360 783 θάλασσαν,
431 750 551 780 γλυκύτερον
