601 790
115 32 173 56 παντὸς
345 35 380 53 μὲν
485 33 498 57 καὶ
83 36 110 56 τοῦ
181 31 294 58 ἀφορίζοντες,
309 34 336 55 τοὺς
387 35 475 58 αἰθερίους
506 29 541 54 ἐμ-

521 69 557 92 ψυ-
424 72 486 95 νοεροὺς
283 77 300 94 τε
76 77 135 102 πυρίους
147 72 161 101 καὶ
169 70 230 98 ἀερίους
247 72 278 93 τούς
310 71 380 95 ἑνοειδεῖς
390 70 417 94 καὶ
495 66 512 94 καὶ

71 113 134 139 χικοὺς
145 112 158 140 καὶ
171 106 235 137 ἀγαθοὺς
246 108 359 133 νομίζοντες
370 107 401 133 καὶ
407 105 519 131 ὀνομάζουσι.
526 106 555 131 τοὺς

532 141 560 174 κατὰ
261 151 288 169 τὰ
142 151 167 174 τὴν
174 149 211 172 ὕλην
74 148 95 173 δὲ
98 149 135 179 περὶ
226 146 252 172 καὶ
294 144 373 172 σώματα
384 145 446 170 κακοὺς
463 148 488 173 οὐχ
493 151 526 168 ὅτι

513 183 555 206 παρὰ
73 186 187 213 προαίρεσιν
365 184 393 208 ὅτι
195 191 227 209 εἰσὶ
234 185 316 213 πονηροὶ
330 188 361 216 ἀλλ᾽
403 185 446 209 κατὰ
451 182 502 208 φύσιν

535 220 551 243 δὲ
392 226 417 246 τὰ
64 223 96 252 θεοῦ
102 222 155 251 ἔλαχον
163 223 199 248 τὴν
208 218 253 247 ὕλην
265 226 343 247 φρουρεῖν
356 223 386 249 καὶ
425 220 502 248 σώματα.
518 224 529 243 εἰ

492 260 507 288 καὶ
147 270 180 291 τῶν
72 268 96 292 καὶ
101 258 139 289 ταῖς
186 264 231 288 ἀνθρώπων
249 263 365 287 ἐναντιοῦνται
516 260 550 284 τοῦτο
369 265 434 294 ψυχαῖς,
444 263 484 287 ἀλλὰ

216 302 278 330 λαβεῖν
69 304 117 332 φησὶ
124 308 168 334 παρὰ
174 300 211 327 θεοῦ
293 305 327 327 τὰς
332 297 474 330 φιλοσωμάτους
486 296 558 328 κολάζειν

67 340 126 377 ψυχὰς.
143 345 157 368 οἱ
162 348 179 367 δὲ
192 341 257 367 ἥρωες,
329 347 361 367 τοὺς
271 347 317 366 μετὰ
371 335 463 372 δαίμονας
466 341 557 368 τεταγμέ-

286 381 360 411 ἔχοντες
69 389 89 406 νοι
97 378 133 406 εἰσὶ
141 384 174 406 τὴν
181 383 234 405 αὐτοῖς
238 380 277 407 μὲν
371 379 448 405 ἐκείνοις
460 380 533 407 φύσιν

98 422 161 446 ὁμοίαν
71 427 91 449 οὐχ
169 425 192 445 δέ,
212 419 345 448 ἀλλ᾽ἐλάττονα:-
389 419 434 449 Περὶ
444 418 524 445 ὕλης:-

218 459 255 485 οἷον
490 459 534 484 μὲν
95 460 123 488 ἐστί,
139 464 207 491 πρᾶγμα
263 467 314 488 εἰπεῖν
325 459 383 485 ἄϋλον
405 463 484 484 αἰσθήσει
578 463 597 488 θ´.
21 454 52 506 Ὕ
54 463 87 487 λη

498 501 549 529 πάντων
429 504 488 534 χεῖρον
291 504 351 528 μόνη
65 500 163 530 ἀθεώρητον
181 502 257 536 διανοία
264 502 288 521 δὲ
355 508 428 528 ληπτὸν

402 541 542 566 ἀδιατύπωτον,
189 539 292 567 ἄμορφον
114 543 165 564 ὄντων
60 545 104 565 τῶν
309 543 386 562 ἀνείδεον

66 578 114 605 οὐσία
121 579 202 604 ἀνούσιος
220 583 252 604 καὶ
260 576 344 606 ὕπαρξις
355 577 473 603 ἀνυπέρβλητος.
525 577 548 609 γὰρ
483 577 518 604 ἐὰν

64 618 128 641 ἀνέλης
133 619 186 650 τυχὸν
196 621 237 645 ἀπὸ
241 622 276 643 τῶν
284 616 376 646 σωμάτων
386 621 420 644 τὰς
427 619 536 649 ποσότητας

59 660 90 683 τὰς
94 661 157 692 σχέσεις
173 658 208 682 τὰς
217 654 262 688 ἕξεις
277 657 314 685 τὰς
321 659 389 690 ῥοπὰς
404 659 437 681 τὰς
445 661 521 684 κινήσεις

60 699 88 721 τὰς
94 697 193 731 ἀλλοιώσεις
203 701 234 724 τὰς
239 700 353 726 μεταβολὰς
372 703 421 731 πᾶν
429 694 497 727 ἕτερον
503 700 556 731 ὁτιοῦν,

61 735 75 756 τὸ
87 733 249 765 καταλειπόμενον,
254 740 264 761 ἡ
269 739 303 763 ὕλη
311 734 347 765 ἐστί.
357 739 389 762 ἐὰν
397 733 424 765 γὰρ
434 738 506 762 ἀνέλης
513 733 556 764 ἀπὸ
