685 884
182 68 234 92 Τίνι
245 70 342 96 διαφέρει
356 65 404 98 ἀρχὴ
416 71 450 100 καὶ
457 70 540 101 στοιχεῖον:-

34 104 53 136 β´.
91 103 135 148 Ἡ
181 114 228 144 ἀρχή,
231 116 273 141 οὐκ
274 115 309 145 ἔχει
312 129 330 140 τί
337 113 435 145 πρότερον
445 119 513 141 ἑαυτῆς
525 117 575 148 ὥσπερ
580 126 587 144 ἡ
588 119 619 145 ὕλη
139 103 177 148 μὲν

138 156 170 182 καὶ
178 154 202 177 τὸ
208 151 249 179 εἶδος.
264 155 282 176 τὸ
291 154 314 182 δὲ
387 153 477 176 σύνθετον
484 159 506 180 ὄν,
520 158 539 188 καὶ
549 150 623 188 συγκείμενον
322 160 371 180 στοιχεῖον

135 194 156 226 ἐξ
161 190 206 218 ὕλης
214 193 250 222 καὶ
256 192 306 218 εἶδους,
321 194 380 225 ἀρχὴν
388 190 422 226 ἔχει
426 195 465 220 τὴν
473 190 516 220 ὕλην
525 197 553 225 καὶ
557 190 579 222 τὸ
582 190 619 225 εἶδος.

139 235 172 261 ἔστι
180 235 202 258 δὲ
207 238 221 258 ἡ
224 233 264 261 ὕλη,
273 236 360 267 πρᾶγμα
369 232 471 260 ἀσώματον
487 235 547 261 ἄποιον
557 239 597 267 λόγω
598 236 625 263 μό-

137 288 160 300 νῳ
170 274 335 303 ἑρμηνευόμενον
351 277 433 301 αἰσθήσει
437 279 459 299 δὲ
465 277 493 301 μὴ
499 276 612 303 ὑποκείμενον.

135 315 182 342 αὕτη
188 315 219 338 οὖν
226 320 238 339 ἡ
243 316 285 343 ὕλη,
292 317 326 343 ὑπὸ
327 316 410 349 μορφῆς
416 318 461 342 τινὸς
472 332 510 352 καὶ
511 320 595 352 σχήματος
598 328 613 347 τυ-

135 358 229 385 πουμένη,
234 358 293 390 ὅπερ
299 358 324 384 ἔστι
335 362 354 385 τὸ
360 357 400 389 εἶδος,
405 362 517 387 σωματοῦται.
534 360 549 392 καὶ
555 366 614 392 πρῶτον

135 411 184 427 μέν,
189 398 242 434 γίνεται
249 401 314 431 στοιχεῖον
328 404 337 423 ἢ
345 399 397 430 αἰθὴρ
412 404 419 425 ἢ
427 398 458 434 πῦρ
474 400 485 425 ἢ
490 399 522 432 ἀὴρ
535 407 544 426 ἢ
551 399 593 434 ὕδωρ
607 406 630 431 ἢ

136 443 158 464 γῆ.
173 441 228 466 ἔπιτα
233 442 298 465 τούτων
305 444 342 464 τῶν
343 439 421 472 στοιχείων
426 439 569 465 συμπλακέντων
570 440 627 473 ἀλλή-

136 488 181 509 λοις,
193 480 257 512 γίνεται
264 480 325 509 σῶμα
334 486 430 512 σύνθετον,
441 484 450 506 ἢ
459 481 533 512 ἔμψυχον
546 481 558 506 ἢ
562 479 622 512 ἄψυχον.

137 533 165 548 καὶ
172 524 183 549 ἡ
184 523 223 547 μὲν
229 522 263 547 ὕλη
272 522 302 551 καὶ
307 526 333 548 τὸ
342 524 389 554 εἶδος,
398 521 532 551 ἀρχοειδέστερα
575 523 633 558 στοιχείων
537 523 574 557 τῶν

133 558 179 587 εἰσίν,
189 562 221 585 τὰ
225 564 251 587 δὲ
255 564 321 595 στοιχεῖα
328 568 371 589 τῶν
372 565 423 597 ἄλλων
429 564 519 594 σωμάτων
526 564 633 594 στοιχειοδέστερα.

517 599 549 637 ἔχει
485 597 511 632 οὐκ
136 602 194 635 ἀρχὴν
199 605 225 627 δὲ
226 606 304 633 λέγομεν
310 600 342 628 τὴν
350 602 405 631 ὕλην,
406 604 443 636 οὐχ
444 604 476 636 ὅτι
595 601 632 638 ὑπέρ-
555 604 589 637 ἄλλo

132 649 188 673 τερον
197 646 275 670 ἑαυτῆς,
279 647 318 670 ἀλλ᾽
321 648 354 670 ὅτι
359 644 386 672 τὰ
566 642 629 673 ἀνάγεται
513 641 562 670 αὐτὴν
480 643 508 671 ὑπ᾽
392 644 472 670 σώματα

120 688 267 717 προσεχῶς:-
308 688 353 717 Περὶ
361 685 434 715 ἀρχῶν
443 681 469 709 τί
475 678 538 713 εἰσίν:-

524 721 555 749 θεός.
42 723 62 752 γ´.
137 720 164 760 ρχὴ
167 730 209 751 τῶν
213 724 259 752 ὄντων
277 731 348 759 πρῶτον
349 726 389 754 μὲν
397 724 500 759 ὑπεράρχιος,
507 723 521 747 ὁ
558 722 598 749 μετὰ
603 727 623 745 δὲ
82 720 129 762 Ἀ

121 763 168 792 θεόν,
181 765 246 793 πολλαὶ
249 766 307 797 ἀρχαὶ
312 771 348 799 τῶν
349 771 439 799 φυσικῶν
440 763 550 790 πραγμάτων
551 764 586 785 εἰσί.
601 763 621 789 καὶ

132 809 171 831 τῶν
172 809 214 834 μὲν
220 808 302 835 στοιχείων
311 811 375 835 ἀρχαί,
385 812 395 832 ἡ
403 808 436 835 ὕλη
443 811 473 836 καὶ
474 812 490 829 τὸ
502 804 540 830 εἶδος
541 803 565 827 ὡς
574 800 623 830 εἴρηται.
