611 810
50 50 107 75 ασμα
120 50 236 77 φωτιζομένη
245 44 272 72 γὰρ
280 45 316 74 ὑπὸ
324 47 352 73 τοῦ
356 43 405 69 ἡλίου
412 47 421 69 ἡ
430 40 457 66 γῆ,
463 41 523 65 σκιὰν

54 89 99 122 ποιεῖ
108 93 132 121 ἀλλ᾽
138 92 150 121 οὐ
156 87 285 118 κυλινδρικὴν
495 82 545 114 σχῆ-
298 84 331 114 οἷον
337 86 358 116 τὸ
370 86 397 112 τοῦ
397 81 459 109 κίονος
464 79 491 112 ἐστὶ

49 139 82 165 μα
94 134 138 160 ἀλλὰ
146 128 217 153 κωνοειδῆ.
224 126 274 151 κῶνος
282 125 304 148 δὲ
313 126 325 152 ὁ
325 126 412 147 στρόβηλος
418 124 491 149 λέγεται
497 123 545 151 ὅστις

52 169 94 197 ἀπὸ
100 167 177 193 πλατείας
186 164 258 190 βάσεως
267 172 291 190 εἰς
297 160 333 192 ὁξὺ
337 160 421 185 ἀπολήγει.
430 154 512 187 τοιαύτη

53 208 75 233 δὲ
83 207 92 230 ἡ
99 207 126 229 τῆς
132 204 160 232 γῆς
368 201 382 221 τι
170 204 199 226 ἐστὶ
205 203 249 226 σκιά,
262 204 310 227 διότι
493 196 535 219 με-
317 201 366 226 ὅτάν
389 195 441 223 σῶμα
444 195 486 223 ὑπό

48 248 118 273 γέθους
127 239 223 268 φωτίζεται
231 241 318 267 σώματος
331 242 441 265 κυλινδρικὴ
445 238 509 266 γίνεται

54 287 67 311 ἡ
71 285 123 306 σκιά.
138 283 185 308 ὅταν
190 284 208 303 δὲ
215 276 257 306 ὑπὸ
264 274 350 304 μείζονος,
361 278 439 301 κωνειδής.
458 272 522 302 μείζων

47 323 84 352 οὖν
92 323 105 350 ὁ
109 321 158 347 ἥλιος
163 320 195 343 τῆς
199 318 222 341 γῆς
226 317 251 339 ὢν
261 313 291 342 καὶ
299 311 378 343 φωτίζων
387 314 446 338 αὐτήν,
456 314 526 339 κονικὴν

54 360 101 390 ποιεῖ
105 357 146 385 τὴν
147 355 206 379 σκιάν.
224 352 268 380 ὅταν
277 350 305 378 οὖν
313 355 336 376 εἰς
341 350 363 382 τὸ
369 356 405 376 τῆς
409 345 438 373 γῆς
442 348 530 379 σκίασμα

53 401 66 424 ἡ
71 401 137 423 σελήνη
146 398 232 423 ἐμπέση,
242 395 329 421 ἀμαυρὰ
340 394 387 415 ἡμῖν
392 390 469 420 φένεται
492 392 527 416 καὶ

53 444 95 465 οἶον
104 435 222 460 ἐκλείπουσα.
241 434 270 458 καὶ
278 433 323 457 ὅταν
331 430 374 457 μὲν
382 434 403 456 εἰς
409 434 439 454 τὴν
449 426 515 458 ῥίζαν

54 476 133 502 ἐμπέση
136 480 166 499 τῆς
174 476 240 502 σκιᾶς,
246 471 323 498 τελείως
333 472 413 494 ἐκλείπει.
431 467 478 491 ὅταν
483 464 517 488 δὲ

44 521 70 546 εἰς
76 510 110 536 τὴν
115 512 205 540 κορυφήν,
215 508 349 535 ἀμυδρότερον
426 511 462 531 τῆς
364 510 421 533 διότι
468 511 541 533 κωνο-

55 553 103 579 ειδοῦς
112 547 164 577 σκιᾶς
176 552 185 572 ἡ
190 548 232 574 μὲν
239 547 298 576 βάσις
309 546 419 573 πλατυτέρα,
484 539 541 576 κορυ-
438 550 451 567 ἡ
454 549 480 570 δὲ

54 592 76 617 φή,
81 588 231 619 βραχυτέρα:-
251 592 283 619 Εἰ
291 593 363 616 θερμὸς
373 591 384 608 ὁ
392 590 469 615 ἥλιος:-

554 614 592 655 μζ´.
8 616 50 664 Π
120 630 168 655 μὲν
501 618 535 657 καὶ
167 625 214 653 ἅπαν
243 625 328 652 αἰθέριον
216 626 234 656 τὸ
338 626 394 650 σῶμα
402 623 434 649 ἐκ
439 620 499 650 πυρὸς
59 623 116 651 λάτων

49 666 84 690 τῆς
91 661 118 696 γῆς
127 666 153 693 καὶ
163 667 196 689 τῶν
205 663 278 691 ἑτέρων
403 661 531 689 κατασκευά-
286 662 316 695 δύο
321 660 397 691 στοιχείων

48 703 88 732 ζων,
106 705 180 730 εἰκότως
188 699 210 726 ἂν
220 699 261 730 εἴποι
265 702 343 729 θερμὸν
349 700 379 733 τὸν
384 706 439 733 ἥλιον.
448 705 532 733 ἀριστοτέ-

54 750 89 772 λης
97 741 119 766 δέ,
131 742 198 771 ἕτερον
206 744 255 770 παρὰ
371 736 393 764 τὸ
260 742 286 767 τὰ
299 744 362 767 στοιχεῖα
397 742 466 768 τοιοῦτον
473 737 532 764 σῶμα
