648 832
116 37 145 59 τὸ
144 38 181 61 εἶδος
195 41 255 62 πάλιν
263 38 285 57 δὲ
292 41 306 59 τὸ
314 40 400 64 διάστημα
412 38 478 65 ἔρημον
483 37 502 61 ὂν
511 39 544 64 καὶ
550 41 609 62 κενὸν

121 82 198 104 σώματα
206 83 287 100 δύναται
298 77 383 105 δέξασθαι,
397 82 449 104 τόπος
451 80 534 100 σωμάτων
538 78 561 102 εἴη
565 85 584 101 τὸ
589 80 632 103 διά-

123 128 174 144 στημα.
189 120 247 145 κυρίως
259 121 278 139 δὲ
287 115 341 140 τόπος
347 118 384 139 ἐστί,
392 127 415 143 τὸ
422 120 480 148 ἔσχατον
488 124 515 145 τοῦ
520 121 615 148 περιέχοντος

124 164 188 182 μέρους
194 161 221 186 τὰ
227 163 301 182 σώματα
324 153 360 186 οἷον
367 160 379 182 ὁ
382 159 423 187 ἀήρ,
430 163 493 189 περιέχει
496 167 529 189 τὰ
532 162 610 187 φυσικὰ

118 200 205 230 σώματα
214 202 245 226 ἀλλ᾽
249 200 267 226 οὐ
383 202 405 220 οὐ
408 197 436 226 γὰρ
445 208 470 225 καὶ
477 200 486 222 ὁ
493 204 512 224 ἐν
515 206 546 224 τοῖς
550 201 611 225 ὄρεσιν
273 202 311 224 πᾶς
312 207 326 219 ὁ
328 201 365 218 ἀήρ.

119 242 126 264 ἢ
127 252 138 265 ὁ
141 245 210 264 πλησίον
216 244 253 264 τοῦ
258 241 318 263 οὐρανοῦ
333 240 379 264 ἀλλὰ
383 244 397 268 τὸ
402 241 473 264 ἔσχατον
478 243 539 268 μέρος
544 240 612 262 αὐτοῦ

117 283 189 308 περιέχει
196 283 254 306 ἡμᾶς.
262 277 305 303 αὕτη
312 277 344 302 οὖν
350 281 363 301 ἡ
370 277 399 299 τοῦ
405 281 463 307 ἀέρος
470 279 577 306 ἐπιφάνεια,
590 281 618 307 τό-

119 331 161 348 πος
168 326 194 346 ἐστὶ
199 319 237 349 τῶν
243 325 334 352 ἡμετέρων
344 322 465 343 σωμάτων:-
476 326 518 356 Περὶ
521 324 624 355 χώρας:-

5 362 44 403 ιθ´
58 365 113 415 X
546 369 562 387 ἢ
170 371 200 389 ἐστὶ
210 369 258 393 κατὰ
268 369 301 391 τοὺς
307 364 448 393 ἀριθμητικοὺς
463 366 487 395 τὸ
489 368 542 390 νοητὸν
563 373 604 391 τῶν
115 367 159 390 ώρα

570 410 603 432 τῶν
114 406 205 430 ἀριθμῶν
365 410 384 429 τὸ
207 408 308 429 διάστημα
545 412 567 430 καὶ
315 405 359 434 οἷον
388 406 454 435 μεταξὺ
461 413 491 432 τοῦ
498 408 544 433 ἑνὸς

112 439 150 468 δύο
160 446 187 470 καὶ
196 444 230 467 τοῦ
233 446 264 470 δύο
272 453 284 476 καὶ
294 448 330 469 τοῦ
334 449 394 476 τρία
404 454 431 472 καὶ
441 452 475 472 τοῦ
479 448 525 478 τρία
533 464 549 479 καὶ
553 456 577 475 τοῦ
584 459 621 479 τέ-

117 492 179 514 σσαρα
197 490 222 511 καὶ
235 491 315 520 ἐφεξῆς.
325 492 363 515 ἐπεὶ
369 484 400 516 γὰρ
402 497 429 515 οὐ
433 488 512 518 συνεχής
515 496 542 515 ἐστι
546 496 556 517 ἡ
563 491 614 524 τάξις

116 530 147 552 τῶν
153 530 254 552 ἀριθμῶν
266 530 317 564 ἀλλὰ
320 530 439 559 διηρημένη,
447 541 473 558 τὰ
478 538 549 563 μεταξὺ
558 540 598 561 τῶν

114 570 207 596 ἀριθμῶν
213 573 331 596 διαστήματα,
349 578 417 603 χώρας
429 575 572 604 ἐπωνομάκασι.
584 572 620 603 χώ-

116 614 152 639 ραν
159 616 209 642 πάλιν
216 609 266 638 τινὲς
272 615 304 637 τῶν
314 618 434 642 φιλοσόφων
434 617 532 644 εἰρήκασι,
534 623 565 641 τὴν
569 623 609 643 με-

116 655 174 680 ρικὴν
177 653 212 676 τοῦ
213 656 318 683 περιέχοντος
322 664 341 680 τὸ
347 662 406 681 σῶμα
415 660 496 687 περιοχὴν
511 655 547 681 οἷον
552 660 562 680 ὁ
568 659 613 684 πίθος

193 704 227 726 τὸν
113 698 187 727 περιέχει
231 696 295 721 οἶνον.
297 693 409 725 ὑποκείσθω
411 695 432 724 δὲ
432 694 448 729 ὁ
452 699 499 724 οἶνος
505 696 595 722 περιχειλής,

144 742 167 761 οὐχ
110 737 145 767 ἀλλ᾽
172 738 221 760 ὅλον
223 741 247 759 τὸ
250 744 304 765 σῶμα
310 741 340 762 τοῦ
347 741 404 764 πίθου
405 740 435 763 τὸν
443 733 493 765 οἶνον
499 738 580 772 ἐδέξατο

108 777 150 807 ἀλλὰ
158 775 213 803 μόνη
571 777 622 812 μέρος,
220 780 232 802 ἡ
235 780 282 801 κοίλη
286 774 347 804 αὐτοῦ
351 777 454 805 περιφέρει.
458 779 507 803 τοῦτο
511 775 548 807 γοῦν
552 776 570 800 τὸ
