672 850
122 40 164 62 ταῖς
173 40 247 66 ῥάβδοις
261 52 290 64 καὶ
300 44 322 61 τῇ
322 34 377 68 ἴριδι.
401 42 461 67 πλὴν
469 45 499 68 τοῦ
500 44 586 66 σχήματος
601 41 630 70 ὅτι

131 82 142 106 ἡ
148 84 182 102 μὲν
186 76 232 105 ἴρις,
244 82 409 105 ἀποτετμημένος
413 85 493 110 κύκλος
500 87 536 108 ἐστὶ
549 84 568 110 αἱ
572 84 597 106 δὲ
603 79 643 114 ῥάβ-

126 123 154 147 δοι,
170 123 200 147 κατ᾽
206 124 319 147 εὐθυορίαν
328 119 415 148 τέτανται.
432 131 507 152 γίνονται
588 128 632 158 αὕται,
516 128 545 157 δὲ
547 127 582 157 καὶ

129 160 184 189 κατὰ
188 161 307 189 ἀνάκλασιν
319 163 485 192 προσπιπτούσης
494 170 528 191 τῆς
536 166 606 196 ὄψεως
613 171 644 193 ἀ-

127 202 159 229 πὸ
162 203 226 232 νέφους
234 209 259 227 εἰς
265 203 325 233 νέφος
343 202 442 229 κἀκεῖθεν
459 211 595 233 ἀνακλωμένης
606 209 641 234 πρὸς

130 239 201 273 ἕτερον
210 244 273 272 νέφος
279 245 358 272 λευκόν.
521 252 533 280 ὁ
376 244 427 272 ὅταν
466 250 513 279 λέγει
540 251 636 276 ἀριστοτέλης

128 288 170 320 περὶ
177 289 217 320 τῶν
225 285 317 320 ῥάβδων,
330 293 369 320 ὅτι
372 291 470 319 ἀπ᾽αὐτῶν
485 291 593 318 ἀνακλᾶται
605 298 629 322 ἡ

589 329 610 367 τὸ
122 328 178 361 ὄψις
187 329 241 361 πρὸς
245 330 276 355 τὸν
284 334 343 354 ἥλιον,
364 333 432 361 γνῶθι
613 331 651 365 λευ-
440 330 473 360 ὅτι
481 331 532 360 ἥλιον
542 332 580 359 νῦν

247 370 337 406 ἐκάλεσεν:-
127 369 158 402 κὸν
167 367 237 400 νέφος
383 372 429 401 Περὶ
441 370 569 406 παρηλίων:-

400 413 480 449 παρήλιοι
3 408 59 451 νθ´.
77 402 126 456 Π
190 416 293 439 κοινωνίαν
298 412 370 442 ἔχουσιν
377 418 394 442 οἱ
489 421 537 448 πρὸς
544 423 574 447 τὰς
581 416 626 453 ῥάβ-
128 419 183 441 ολλὴν

127 458 164 490 δους
181 461 216 485 καὶ
229 454 258 487 γὰρ
312 458 355 488 οὕτοι
368 459 393 486 ἐκ
404 458 492 491 πλαγίων
494 455 527 487 τοῦ
536 465 625 494 λαμπροῦ

561 501 626 529 ἥλιον
124 498 208 533 γίνονται
224 501 262 526 καὶ
274 500 342 533 ἡμέρας
352 500 416 528 μόνον
427 507 465 531 καὶ
472 500 514 532 περὶ
521 507 553 528 τὸν

126 543 178 566 μόνον
202 540 237 568 καὶ
246 548 320 572 μάλιστα
332 545 359 570 τὸν
370 541 459 572 ὁρίζοντα
470 545 498 572 τὸν
509 541 601 568 δυτικὸν
610 541 641 570 ἢ

124 587 151 608 τὸν
160 586 301 610 μεσημβρινόν.
326 582 382 607 πλὴν
393 581 417 602 αἱ
422 580 466 607 μὲν
477 583 544 607 ῥάβδοι,
560 585 593 607 ἐπὶ
603 582 643 607 ἀνω-

127 618 195 651 μάλων
208 619 289 647 γίνονται
296 620 375 652 νεφῶν
385 625 417 647 καὶ
424 620 576 653 ἀνομοιμνερῶν
592 615 642 654 ὥσπερ

131 661 143 685 ἡ
146 658 187 689 ἴρις
207 664 230 693 οἱ
236 666 260 687 δὲ
266 664 358 689 παρήλιοι,
361 667 411 691 ἐπὶ
416 665 502 693 ὁμαλῶν
510 670 541 691 καὶ
553 669 651 688 ὁμοιομε-

133 705 175 735 ρῶν
190 699 251 734 ὥσπερ
262 710 275 730 ἡ
284 702 334 737 ἅλως.
361 705 392 734 καὶ
403 707 424 730 αἱ
429 709 471 731 μὲν
478 701 548 730 ῥάβδοι
558 697 629 731 τρίχροοι

132 743 183 775 κατὰ
189 751 223 771 τῆς
241 743 288 776 ἴριδος
296 750 400 774 χρώματος
481 747 571 771 παρήλιοι,
426 753 440 770 οἱ
452 746 468 775 δὲ
588 747 627 766 μονό-

121 789 183 818 χροοι
191 789 223 815 καὶ
234 791 300 819 λευκοὶ
316 792 368 820 κατὰ
380 794 399 816 τὸ
591 779 640 821 περὶ
409 792 485 819 χρῶμα
490 785 523 822 τῆς
533 787 580 820 ἅλω.
