567 832
29 39 68 65 Ὥστε
75 39 149 66 ὄμβρων
163 36 229 59 πολλῶν
236 35 334 63 γινομένων
345 33 383 53 διὰ
389 33 414 53 τὴν
418 28 472 61 ψύξιν
481 29 519 54 εἶτα

27 86 56 105 τῆς
66 78 89 102 γῆς
96 74 195 105 διαβρόχου
202 80 307 105 γινομένης,
317 76 373 97 πολλὴ
381 71 411 100 καὶ
419 77 506 101 καπνώδης

31 121 174 146 ἀναθυμίασις
184 115 276 140 ἐνδίδοται
299 116 330 143 καὶ
338 116 373 137 διὰ
381 118 424 137 τοῦτο
435 118 512 148 σφοδροὶ

29 159 100 189 ἄνεμοι
109 161 176 187 γίνονται
186 161 198 184 ὁ
203 165 273 182 βορρὰς
287 157 314 182 καὶ
323 161 335 179 ὁ
342 155 385 180 νότος.
409 154 430 178 Ἐν
437 156 459 184 δὲ
467 159 495 185 τοῖς
501 159 536 186 ἀνα-

26 205 99 227 τολικοῖς
100 200 181 230 χωρίοις
193 198 302 223 κινούμενος
312 201 323 219 ὁ
331 195 389 224 ἥλιος,
399 200 433 220 οὐκ
434 196 466 223 ἐᾶ
472 192 525 228 ψύξιν

34 232 117 268 γενέσθαι
118 232 203 265 πολλὴν
228 233 285 262 ἔνθα
292 235 331 260 οὔτε
339 234 394 262 πολὺς
405 233 458 263 ὑετὸς
465 235 518 259 γίνεται

31 270 68 311 οὔτε
78 285 140 308 πολλὴ
154 285 166 304 ἡ
174 282 281 308 καπνώδης
291 273 434 302 ἀναθυμίασις
452 273 480 299 ἅτε
490 279 516 301 τῆς

32 322 60 348 γῆς
68 324 100 349 μὴ
110 325 272 352 διαβρεχομένης
295 319 325 345 καὶ
335 319 353 339 οὐ
359 315 428 347 γίνονται
436 314 474 340 διὰ
479 318 525 346 τοῦτο,

33 361 108 394 ἄνεμοι
117 358 198 386 σφοδροὶ
210 356 309 386 ἐντεῦθεν.
327 360 387 385 Πλὴν
399 361 419 382 ἐν
424 360 462 386 μὲν
473 361 498 382 τοῖς
507 362 528 381 νο-

29 406 81 428 τίοις
89 405 177 431 μέρεσιν
178 401 245 427 πλείω
251 400 290 428 μέν
291 394 338 428 ἐστιν
347 405 360 425 ἡ
364 401 388 424 γῆ
402 403 439 423 οὐκ
440 393 516 424 ἔνικμος
517 397 538 419 δὲ

40 444 57 468 ἐν
65 439 90 464 δὲ
92 433 125 467 τοῖς
131 443 204 471 βορείοις,
218 438 265 464 ὀλίγη
278 445 305 471 ἀλλ᾽
307 440 382 468 ἔνικμος.
400 442 433 463 Διὰ
442 435 468 465 γὰρ
473 437 505 463 τὴν
506 434 535 462 ψύ-

37 492 66 517 ξιν,
77 484 141 514 ὄμβροι
149 486 215 517 γίνονται
241 494 272 507 καὶ
283 484 315 505 διὰ
326 487 347 506 τὸ
353 481 436 508 ἔνικμον
437 485 458 505 τῆς
459 483 486 503 γῆς,
488 486 536 507 πολλὴ

38 528 94 556 γίνεται
106 534 118 552 ἡ
123 530 215 554 καπνώδης
224 521 360 551 ἀναθυμίασις
382 525 408 554 ἀλλ᾽
409 525 428 544 οὐ
432 523 458 543 διὰ
464 522 488 542 τὸ
489 522 525 542 πλῆ-

35 560 70 594 θος
82 573 125 592 αὐτῆς.
144 566 205 594 Ἔνθεν
208 570 231 590 τοι
243 566 273 593 καὶ
283 569 298 588 οἱ
304 562 379 594 σφοδροὶ
386 562 448 591 ἄνεμοι
453 562 492 585 ἀπὸ
495 563 524 584 τῶν

41 618 100 636 νοτίων
109 615 139 636 εἰσὶ
150 609 178 639 καὶ
185 611 219 633 τῶν
230 609 317 640 ἀρκτώων
322 607 381 640 μερῶν
401 603 448 630 ὡσἂν
457 603 489 628 ἐκεῖ
491 601 533 628 γίνο-

38 656 93 680 μένης
101 658 164 681 πολλῆς
173 653 278 681 καπνώδους
283 645 438 684 ἀναθυμιάσεως.
456 647 470 669 Ἐν
472 645 496 670 γὰρ
501 646 516 663 τῇ

39 699 112 720 ἀνατολῇ
125 696 153 724 καὶ
161 701 182 718 τῇ
183 695 234 721 δύσει,
245 698 263 716 οὐ
268 693 341 721 γίνονται
351 685 427 719 σφοδροὶ
446 685 478 711 ἅτε
485 686 512 711 τοῦ

39 737 89 758 ἡλίου
98 736 236 760 ἐκδαπανῶντος
238 731 268 757 τὴν
274 731 311 755 ἐκεῖ
311 733 426 763 γινομένην
432 732 516 753 ἀναθυμία-

42 787 86 801 σιν
102 789 130 802 καὶ
141 779 174 798 οὐκ
179 776 234 798 ἐῶντος
246 772 337 797 ὑποστῆναι.
360 772 445 801 Καλοῦνται
450 773 468 791 δὲ
494 772 522 791 μὲν
472 769 486 789 οἱ
