621 794
46 45 89 68 σεως,
102 36 203 65 διάφορον
206 37 254 59 αὐτῷ
262 36 291 59 καὶ
298 36 330 58 τὴν
338 31 397 56 οὐσίαν
405 29 450 56 πρὸς
454 29 476 47 τὰ
482 31 514 51 στοι-

37 83 83 112 χεῖα
91 78 155 104 δίδωσι.
481 61 535 91 ἀστέ-
162 79 191 103 καὶ
198 72 225 98 τόν
230 73 247 102 τε
254 72 305 97 οὐρανὸν
315 68 343 96 καὶ
350 65 381 93 τοὺς
387 68 421 94 ὑπ᾽
428 66 478 91 αὐτὸν

47 124 82 150 ρας
93 115 121 148 καὶ
127 116 187 143 μέχρι
194 115 269 136 σελήνης
278 112 347 136 αἰθέρα
353 107 412 137 καλεῖ
418 109 450 132 καὶ
459 107 534 129 πέμπτον

50 157 113 183 σῶμα
121 155 150 185 κατ’
151 147 260 177 oνομάζει:-

84 189 123 222 Εἰς
128 195 191 217 πόσους
201 188 281 214 κύκλους
289 182 374 209 διαιρεῖται
385 184 400 208 ὁ
406 183 483 208 οὐρανός:-

5 227 38 287 Τ
74 230 127 259 οὐρανὸν
132 232 156 260 εἰς
164 228 236 253 πολλοὺς
245 227 328 254 κύκλους
333 223 352 249 οἱ
356 219 466 246 φιλόσοφοι
471 219 528 249 διηρή-
557 212 603 245 λστ´.
41 239 73 263 ὸν

265 260 375 284 ἰσημερινὸς
52 275 107 299 κασιν
117 270 144 298 ὧν
147 270 207 294 πρῶτος
244 270 260 289 ὁ
215 258 246 290 ἐστὶ
385 261 393 283 ὁ
398 260 457 284 μέσον
462 255 526 283 αὐτὸν

43 314 121 337 τέμνων
130 313 164 336 καὶ
167 305 243 334 διαιρῶν
246 308 275 330 τὰ
279 302 346 326 νότεια
349 303 383 327 καὶ
389 299 415 325 τὰ
420 296 483 325 βόρεια.
499 296 530 325 ἐφ᾽

47 347 95 379 ἑξῆς
98 347 118 370 δὲ
123 353 179 374 τοῦτου
185 342 220 375 κατ᾽
315 342 369 371 μέρη
388 342 436 367 κατὰ
439 338 480 361 μὲν
486 335 518 361 τὸν
219 345 285 368 ἄμφω
289 345 314 369 τὰ

54 388 110 412 δεξιόν,
119 389 147 415 τὸν
154 382 232 412 θερινὸν
238 382 311 409 κύκλον
320 378 349 405 καὶ
355 377 381 400 τὸν
388 375 469 401 ἀρκτικὸν
473 372 531 400 τιθέ-

45 435 84 456 ασι
100 430 143 455 κατὰ
147 426 170 456 δὲ
178 425 202 450 τὸν
211 421 292 450 ἀριστερὸν
297 421 327 448 τὸν
331 419 387 448 νότιον
396 421 425 445 καὶ
429 416 455 437 τὸν
458 415 537 442 ἀνταρκτι-

56 468 84 493 κόν.
95 467 161 497 ἕτερον
171 462 225 491 αὖθις
233 458 309 490 κύκλον
313 463 426 489 πλάττουσι
428 457 457 485 τὸν
464 458 546 483 μεσημ-

52 507 114 536 βρινὸν
126 507 171 534 ἀπὸ
175 505 261 531 ἀνατολῆς
269 506 288 531 εἰς
291 500 339 523 δύσιν
344 498 423 526 κείμενον
434 495 468 523 καὶ
472 496 544 522 τέμνον-

46 548 77 573 τα
86 540 121 567 μὲν
125 543 168 567 τοὺς
167 539 269 573 εἰρημένους
280 534 359 567 κύκλους
363 535 434 565 ἐπίσης.
452 532 549 561 διαιροῦντα

57 589 76 608 δὲ
84 583 102 607 τὸ
109 584 152 609 ἑῶον
157 582 200 606 μέρος
203 583 235 609 καὶ
242 580 260 602 τὸ
265 583 355 607 ἑσπέριον
363 573 419 605 ἕκτον
424 576 551 600 προσωνομά-

45 621 101 644 κασι,
109 620 134 644 τὸν
139 617 216 647 ὁρίζοντα
222 622 244 642 τὰ
253 616 285 640 δύο
290 615 412 644 ἡμισφαίρια,
429 609 544 640 διαστέλλοντα.

59 658 165 686 ἕβδομον
169 653 254 684 ζωδιακὸν
259 654 365 686 ἀρχόμενον
370 657 414 684 ἀπὸ
414 655 438 682 τοῦ
445 651 527 680 θερινοῦ

81 696 173 727 τέμνοντα
214 699 294 724 ἰσημερινὸν
303 696 335 721 καὶ
342 696 414 721 λήγοντα
417 695 441 722 εἰς
442 694 472 721 τὸν
475 694 556 720 νότιον:-
44 698 80 731 καὶ
182 696 214 729 τὸν

296 740 346 770 τῶν
229 737 284 764 οὐσία
359 734 485 761 ἀστέρων:-
163 734 205 766 Τίς
206 738 223 766 ἡ
