637 811
45 40 98 75 φασί.
105 42 138 70 Τοὺς
143 34 171 62 γὰρ
180 35 299 64 ἀπαγγέλοντας
305 32 334 55 τὴν
338 29 392 55 θείαν
402 28 444 52 σιγὴν
457 38 489 52 καὶ
493 25 514 46 τὸ

46 88 102 118 ἀγαθὸν
115 77 245 97 ἐκφαίνοντας,
261 77 300 97 πῶς
309 68 335 94 ἄν
336 80 396 97 φασιν
404 68 441 92 εἶναι
451 75 514 92 κακούς.

47 126 165 143 Ἀφομοιοῦσι
174 117 201 142 γὰρ
207 117 225 134 τὸ
237 116 318 144 ἀγγελικὸν
324 113 385 139 φῦλον
387 104 417 128 τῷ
418 103 456 142 θεῶ
472 113 502 128 ἀφ᾽
503 102 526 122 οὗ

42 146 141 189 ἐξήρτηνται
160 150 190 179 ἵνα
202 151 235 176 διὰ
240 154 268 174 τῆς
277 148 390 179 ἀκραιφνοῦς
400 146 525 175 ὁμοιότητος,

41 198 142 222 ἐκφαίνειν
153 194 207 216 αὐτοῦ
217 192 248 217 τοῖς
261 186 366 216 ἀνθρώποις
372 183 403 208 τὴν
410 181 495 207 ἰδιότητα
503 181 528 223 δύ-

48 225 98 260 νονται.
117 236 187 260 Ἀγγέλους
195 237 213 253 δέ,
217 231 256 258 τὰς
257 232 310 257 μετὰ
317 234 351 253 θεὸν
358 225 423 260 πάσας
431 225 523 249 δυνάμεις

49 267 197 300 κατονομάζουσιν:-
249 269 279 297 Eἰ
290 267 365 296 κακὸν
374 267 384 290 ἡ
397 267 485 293 ὕλη:-

10 323 42 358 Π
119 319 130 338 ὁ
134 314 252 343 φιλόσοφος
260 312 282 336 ἐν
286 310 327 338 μὲν
329 306 417 333 τιμαίῳ,
427 306 510 346 μητέρα
516 306 533 329 καὶ
585 288 623 331 πγ᾽.
49 324 102 347 λάτων

39 358 119 379 τιθήνην
121 357 154 376 τῆς
158 358 192 379 τῶν
203 354 265 380 κακῶν
272 351 363 375 γενέσεως,
370 357 413 371 καὶ
421 351 523 380 σιναιτίαν

42 399 76 420 τῆς
85 398 113 421 τοῦ
123 389 189 417 κόσμου
197 389 321 421 δημιουργίας,
334 383 383 407 αὐτὴν
390 382 527 421 ἀποφαίνεται.

50 438 76 461 Ἐν
83 440 102 458 δὲ
106 435 142 457 τοῖς
150 437 180 457 τοῦ
188 428 270 463 ἐλαιάτου
275 428 330 461 ξένου
335 424 397 454 λόγοις,
407 423 468 448 αἰτίαν
480 423 540 463 αὐτὴν

48 478 100 499 λέγει
107 477 136 499 τῆς
140 477 171 497 τοῦ
179 472 235 498 παντὸς
246 469 341 498 εὐταξίας.
352 467 380 489 Ἐν
385 465 403 487 δὲ
404 465 434 487 τῷ
435 465 539 490 διαλόγῳ

52 513 154 550 καλουμένῳ
164 513 256 538 φιλίβῳ,
266 510 306 534 ἀπὸ
311 506 343 532 θεοῦ
349 505 376 532 καὶ
378 504 448 526 ταύτην
453 501 531 538 παράγων,

49 556 119 586 ἔνθεον
126 557 184 587 αὐτὴν
191 550 219 580 καὶ
222 550 287 582 ἀγαθὴν
298 546 334 579 διὰ
340 542 369 576 τὴν
377 544 415 566 ἀπο
417 542 448 567 θεοῦ
462 544 537 571 γένεσιν

51 595 177 621 ἀποφαίνεται.
188 590 268 621 Πρόκλος
274 590 293 621 δὲ
318 589 430 615 φιλόσοφος,
440 584 479 605 οὔτε
483 581 545 613 ἀγαθὴν
296 588 315 610 ὁ

59 629 112 663 αὐτὴν
115 631 171 656 οἴεται
183 627 222 653 οὔτε
228 628 291 656 κακὴν
311 629 338 650 ὡς
342 628 384 654 μὲν
392 625 457 656 ἐσχάτην
458 624 492 648 τῶν
500 623 541 646 ὄντων

55 678 87 702 καὶ
92 676 154 702 πόρρω
155 674 184 696 τοῦ
193 671 261 702 ἀγαθοῦ,
275 671 307 692 οὐκ
308 669 383 700 ἀγαθὴν
387 669 434 697 λέγει
448 669 472 702 ὡς
479 669 500 702 δὲ
505 669 523 683 αἰ-

55 717 98 738 τίαν
105 708 225 740 δημιουργικὴν
235 711 262 732 ἐν
263 710 293 731 τοῖς
303 708 374 740 ἀγαθοῖς
386 708 539 737 ἀναγκαζόμενος

53 753 145 776 τιθέναι,
154 742 218 779 μέσην
228 746 275 771 αὐτὴν
285 751 314 774 τοῦ
323 750 400 780 ἀγαθοῦ
409 749 456 769 τιθεὶς
460 743 486 773 καὶ
493 746 524 767 τοῦ
