615 840
46 60 85 88 εἰσίν,
101 67 117 87 αἱ
125 63 147 87 δὲ
155 63 213 87 ῥίπαι,
223 62 252 88 ὄροι
261 65 370 88 ὑπερμεγέθη
379 66 404 88 καὶ
411 63 514 88 ὑψηλότατα.

48 115 81 135 Περὶ
89 113 107 131 δὲ
116 108 149 131 τὴν
156 106 226 135 λυβύην
235 107 262 129 ἐκ
268 109 297 129 τῶν
307 108 417 129 αἰθιοπικῶν
425 102 471 129 ὀρῶν,
472 103 490 126 ὁ
491 98 539 125 αἴγων,

47 156 56 173 ὁ
57 156 105 171 νύσης
122 159 148 171 και
157 148 167 172 ο
168 145 257 173 χρεμέτης.
278 149 308 167 Τοῦ
313 148 334 167 δὲ
341 145 394 169 νείλου
398 145 417 164 τὸ
423 143 477 171 ῥεῦμα
490 138 518 164 ἐκ

41 192 73 212 τοῦ
80 189 148 212 ἀργυροῦ
156 184 227 212 κάτεισιν
237 187 281 212 ὄρος.
303 187 335 212 Καὶ
342 190 353 207 ὁ
354 181 392 209 μὲν
398 185 481 212 ἀχελῶος,
492 180 521 203 ἐκ

44 228 106 254 πίνδου
119 230 130 248 ὁ
132 227 154 248 δὲ
158 225 227 254 στρεμὼν
236 228 260 245 καὶ
268 227 279 245 ὁ
285 220 341 254 εὗρος,
349 226 374 247 ἐκ
381 228 410 247 τοῦ
411 222 520 250 σκόμβρου,

46 267 76 295 ὄρη
85 269 104 296 δὲ
105 268 165 291 ταῦτα
176 264 213 291 περὶ
218 271 250 294 τὸν
256 267 333 290 ἑλληνικὸν
344 267 427 286 τόπον:-

129 299 184 329 Περὶ
190 303 278 328 ἀνέμων
290 298 325 328 καὶ
335 300 448 328 σεισμῶν:-

6 329 43 387 Ὁ
43 347 105 369 ἄνεμος
115 353 137 369 οὐκ
138 346 170 367 ἔστιν
179 341 209 369 ἀὴρ
220 342 321 365 κινούμενος
331 344 353 363 ὡς
365 339 468 369 ἱπποκράτης
473 346 484 361 ὁ
488 345 533 364 κῶος
569 333 595 367 ξζ´.

30 389 100 411 ἰατρὸς
110 383 156 408 οἴεται
178 389 204 412 ἀλλ᾽
205 387 232 407 ἐκ
233 387 259 406 τῆς
267 384 372 410 καπνώδους
382 380 419 404 ἐστὶν
425 380 542 404 ἀναθυμιά-

44 442 86 450 σεως.
105 425 117 448 Ἡ
121 420 155 448 μὲν
159 423 186 451 γὰρ
193 418 218 450 τοῦ
222 425 278 452 ἀέρος
289 421 367 447 κίνησις,
373 416 448 442 ἔκλυτος
449 415 516 452 ὑπάρχει

42 477 70 498 καὶ
75 469 142 498 χαλαρᾶ
159 469 170 495 ἡ
175 465 196 495 δὲ
201 467 234 495 τοῦ
239 467 310 493 ἀνέμου
317 460 397 493 τυρανικὴ
407 455 435 484 καὶ
443 454 529 485 βιαιοτάτη

39 510 65 533 ὡς
69 511 146 534 δηλοῦσιν
153 508 166 533 οἱ
172 510 230 534 σεισμοὶ
242 507 259 530 οἱ
263 504 350 530 κινοῦντες
359 501 395 531 τὴν
401 502 434 528 γῆν.
446 501 489 526 Οὐδὲν
494 497 519 526 γὰρ

41 544 100 575 ἕτερον
106 547 142 572 ἐστὶν
149 551 161 568 ὁ
162 556 221 574 σεισμός,
227 553 250 572 εἰ
251 549 279 570 μὴ
289 543 365 577 ὑπόγειος
378 538 450 567 ἄνεμος.
457 536 539 562 Τεσσάρων

42 586 62 613 δὲ
68 582 116 612 ὄντων
128 589 153 614 ὡς
158 583 244 611 συντόμως
250 584 300 612 εἰπεῖν
309 582 410 614 καθολικῶν
419 581 496 608 ἀνέμων,
502 579 533 603 ἀ-

43 622 120 650 πηλιότης
125 622 162 648 μὲν
167 625 201 650 καὶ
210 621 288 655 ζέφυρος,
298 628 313 646 οὐκ
318 629 370 645 εἰσὶν
378 617 490 652 σφοδρότατοι
502 621 555 649 βωρᾶς

40 666 60 686 δὲ
64 677 92 689 καὶ
98 660 146 689 νότος,
151 660 292 689 τυρανικώτατοι
305 662 355 686 διότι
361 665 389 686 ἐν
390 666 429 684 μὲν
430 664 450 686 τῷ
454 658 512 685 βορείῳ

40 718 70 732 καὶ
78 706 127 732 νοτίῳ
140 707 197 730 πόλω
204 705 250 727 ὅθεν
259 704 266 723 ὁ
273 701 338 729 βορρᾶς
350 700 380 726 καὶ
387 700 398 720 ὁ
402 702 445 724 νότος
451 700 496 723 πνεῖ,
501 697 527 718 μὴ

42 744 128 768 γενόμενος
137 747 146 767 ὁ
154 744 216 769 ἥλιος,
224 747 243 766 οὐ
247 744 340 770 θερμένει
350 741 382 766 τὰ
386 737 438 766 ἐκεῖσε
439 736 517 767 χωρεῖα,

42 783 77 809 ἀλλὰ
84 778 140 809 μένει
141 781 205 812 ψυχρά,
213 780 277 811 ψυχρὰ
287 786 304 804 δὲ
305 781 357 804 ὄντα,
374 784 408 804 ἀεὶ
415 776 490 805 ἔνικμα
493 775 532 801 εἰσίν
