576 814
33 41 70 62 ἀπὸ
74 35 101 54 τῆς
110 32 181 56 ἄρκτου,
195 32 263 56 βορέας
279 34 295 53 οἱ
301 33 320 51 δὲ
329 30 365 54 ἀπὸ
369 31 394 50 τῆς
398 26 512 54 μεσημβρίας

39 75 82 103 νότοι.
98 71 144 99 Αἰτία
150 76 173 97 δέ
177 78 210 99 ἐστι
211 74 243 99 τῆς
298 73 328 96 τοῦ
333 75 400 97 ἀνέμου
409 69 522 101 κινήσεως,
241 73 289 99 λοξῆς

35 124 43 142 ἡ
51 122 78 150 τοῦ
81 117 140 144 παντὸς
152 112 276 142 κυκλοφορία
290 114 318 133 τὴν
324 109 412 133 καπνώδην
422 108 517 142 ἀναθυμί-

30 165 71 179 ασιν
82 153 158 180 κάτωθεν
166 155 260 176 ἀνιοῦσαν,
270 153 364 177 πλανῶσα
384 147 409 172 καὶ
419 147 460 166 τῆδε
467 147 526 180 κακεῖσε

36 196 159 216 μεταφέρουσα.
178 188 241 215 Γίνονται
247 193 269 211 δὲ
276 190 290 210 οἱ
294 187 352 214 βόριοι
361 185 442 212 ἐτήσιοι
448 184 520 207 ἄνεμοι,

36 237 77 257 μετὰ
94 232 105 253 κ´
120 237 183 256 ἡμέρας
189 229 216 252 τῆς
221 230 294 256 θερινῆς
306 227 377 255 τροπῆς
393 223 441 251 μετὰ
452 221 486 245 τὴν
491 222 520 244 τοῦ

35 272 106 297 κινάστρου
113 269 200 297 ἐπιτολήν.
216 267 313 296 Τηνικαῦτα
314 266 353 297 γὰρ
354 269 385 299 τῆς
386 269 448 299 χιόνος
454 268 532 290 λυομέ-

28 317 65 337 νης,
76 311 137 337 γίνονται
148 310 198 338 αὖραι
208 308 280 338 ψυχραὶ
289 308 344 336 βόριοι
362 308 431 330 αἵτινες
442 306 510 329 ἐτησίαι

26 356 95 380 λέγονται.
116 350 145 378 Εἰσὶ
145 352 167 375 δὲ
175 349 221 376 νότιοι
228 349 294 373 ἐτησίαι,
305 351 337 373 ὡς
348 349 385 371 ἀπὸ
392 349 420 370 τοῦ
426 349 465 372 πρὸς
466 349 487 363 τὸ
488 343 525 365 πᾶν

36 400 79 417 νότου
99 398 125 418 ἀλλ᾽
128 386 169 416 ἡμῖν
179 387 305 414 ἀνεπαίσθητοι
322 384 355 410 εἰσὶ
360 390 376 408 δὲ
384 397 412 412 καὶ
422 384 457 406 ἀπὸ
461 384 486 403 τοῦ
491 392 514 406 κα-

34 441 51 457 θ᾽
52 435 99 458 ἡμᾶς
107 432 158 457 νότου,
166 429 232 452 ἐτήσιοι
246 424 310 451 ἄνεμοι.
334 425 377 447 Οὗτοι
461 423 502 448 εὑδο-
383 421 400 451 δὲ
406 422 456 451 μετὰ

34 472 109 501 μήκοντα
119 470 179 501 ἡμέρας
187 472 217 499 τῆς
218 470 314 501 χειμερινῆς
315 468 386 493 τροπῆς
401 468 476 497 ἄρχονται
479 468 521 488 πνεῖν

215 515 285 535 ἰχθύσι.
174 516 206 542 ἐν
133 515 175 542 ὄντος
76 517 122 541 ἡλίου
20 519 61 539 τοῦ
420 510 446 532 τῆς
381 512 415 533 μὲν
337 505 377 534 ἀπὸ
291 517 327 537 Καὶ
452 506 528 538 ἡμερινῆς

32 559 93 575 δύσεως,
98 556 147 576 πνεῖ
154 555 164 573 ὁ
168 554 243 573 ζέφυρος
263 549 302 571 ἀπὸ
307 552 327 571 δὲ
333 550 364 571 τῆς
373 545 472 570 ἀνατολικῆς
481 544 526 567 ἰση-

27 594 90 620 μερίας,
104 593 144 621 πνεῖ
145 592 159 615 ὁ
162 588 261 614 ἀσπηλιώτης,
285 585 315 615 καὶ
321 588 373 613 αὖθις
380 581 417 609 ὑπὸ
418 586 450 605 τοῦ
455 584 525 609 ἀρκτικοῦ

34 641 96 656 πόλου
97 637 133 654 μέν,
137 633 189 657 πνεῖ
190 634 211 654 ὁ
212 629 311 657 ἀπαρκτίας,
322 631 362 653 ἀπὸ
366 626 387 649 δὲ
389 626 415 648 τοῦ
427 623 478 649 νοτίου
483 627 534 650 πόλου,

33 676 68 699 πνεῖ
70 675 85 698 ὁ
89 667 127 697 νότος.
148 672 176 697 Καὶ
184 671 233 700 πάλιν
240 672 280 693 ἀπὸ
281 667 317 696 μὲν
321 674 353 694 τῆς
354 666 427 696 θερινῆς
437 663 528 684 ἀνατολῆς,

38 712 77 736 πνεῖ
78 714 93 737 ὁ
94 713 166 739 καικίας
188 713 229 735 ἀπὸ
233 712 253 733 δὲ
254 707 292 738 τῆς
298 706 391 739 χειμερινῆς
399 704 473 725 δύσεως,
476 704 523 730 πνεῖ

35 754 50 774 ὁ
55 748 84 773 λὶψ
103 753 140 775 ἀπὸ
143 752 181 777 μὲν
187 753 217 780 τῆς
226 752 305 784 χειμερινῆς
317 748 401 769 ἀνατολῆς,
403 748 470 773 ἔξεισιν
492 748 534 768 εὗρος,
473 750 487 767 ὁ
