642 825
108 21 128 45 σὺ
134 22 222 51 θειότατε
229 17 311 46 βασιλεῦ
319 17 346 43 τὰ
355 23 478 49 προβλήματα
494 24 616 50 ἀναποδείκτως

105 67 153 94 τέως
162 63 264 92 δεξάμενος,
276 56 304 84 τὰς
310 61 398 93 ἀποδείξεις
407 56 467 89 ὕστερον
477 61 605 94 ἐπιζήτει

231 99 289 129 Περὶ
292 98 408 132 ἐκλείψεως
414 100 500 131 ἡλίου:-

78 126 104 193 Ο
27 134 61 183 με´.
129 146 197 174 κυρίως
208 146 292 173 ἔκλειψις
302 141 341 168 ἐπὶ
344 143 375 170 τοῦ
381 145 437 170 ἡλίου
439 146 512 179 γίνεται
524 151 547 179 οὐ
552 143 578 176 γὰρ
584 146 621 178 ἐκ-
110 149 123 170 ὐ

110 189 162 211 λείπει
173 187 214 212 ποτὲ
219 186 238 209 τὸ
243 181 317 210 ἡλιακὸν
321 182 363 216 φῶς
372 183 406 216 ἀλλ᾽
408 187 526 211 ἐπισκότεισις,
536 185 619 211 ἐπισκο-

105 228 154 253 τεῖτε
162 224 187 250 δέ,
198 224 246 253 ὅταν
253 229 277 252 ἐν
281 228 316 250 τοῖς
325 227 449 253 ἐκλειπτικοῖς
458 228 572 254 συνδέσμοις
578 229 620 258 κα-

108 265 235 296 τακάθεκτον
242 266 295 292 αὐτῷ
302 267 313 293 ἡ
319 267 384 293 σελήνη
392 265 461 292 γένηται.
477 260 521 292 ὑπὸ
528 269 605 293 ταύτην

111 313 132 333 δὲ
145 307 243 335 οἰκούντων
253 310 323 337 ἡμῶν,
333 307 436 333 συσκιάζει
442 312 478 340 τοις
483 305 567 335 ὄμμασιν
572 303 629 336 ἡμῶν

106 347 128 373 τὸ
135 351 215 373 ἡλιακὸν
222 353 271 378 φῶς,
282 357 333 378 πλὴν
340 352 414 378 δώδεκα
424 351 522 376 δακτύλοις
526 351 548 372 τὸ
551 353 608 378 σῶμα

110 392 140 412 τῆς
147 387 227 413 σελήνης
237 392 389 420 διαμετροῦντες
395 390 417 417 οἰ
422 389 524 416 ἀστρονόμοι,
540 389 569 416 ἔστι
575 384 611 418 μὲν

112 427 147 455 ὅτε
153 431 182 458 τῷ
188 430 228 459 ὅλῳ
233 431 269 457 τῆς
275 432 354 457 σελήνης
363 432 447 459 σώματι,
458 433 493 459 τὰς
503 424 596 459 ἡλιακὰς

111 471 167 507 αὐγὰς
177 473 343 506 ἀντιφράττουσιν.
551 470 610 500 τούτων
362 474 397 503 ἔστι
421 475 452 504 ὅτε
400 472 418 505 δ᾽
456 472 546 504 ἐλάττουσι

108 518 155 542 ὅταν
161 519 201 540 μὲν
206 517 235 545 γὰρ
241 516 270 541 τὴν
277 513 391 546 ὑψηλοτέραν
400 515 471 543 ἀψίδα
479 517 493 543 ἡ
497 515 561 539 σελήνη
570 515 612 542 φέ-

112 556 161 586 ρηται
173 554 201 583 καὶ
209 554 237 581 τὴν
245 554 349 587 ἐγγύζουσαν
359 561 391 591 τῷ
400 556 457 583 ἡλίῳ,
468 553 525 573 ὀλίγῳ
530 555 590 582 μέρει

110 597 164 623 δοκεῖ
168 600 222 623 τοῦτον
237 592 364 622 ἐπισκιάζειν.
387 596 435 622 ὅταν
441 600 460 619 δὲ
466 597 583 621 κατώτεραν
591 593 620 625 δύ-

107 643 149 664 εισιν
167 639 233 664 ἐπειδὴ
244 635 351 664 εὐμεγέθης
358 637 468 664 τηνικαῦτα
479 637 516 663 τοῖς
524 636 603 662 ὄμμασιν

114 680 177 710 ἡμῶν
184 677 279 703 ἐμπίπτει,
288 681 335 712 ὅλον
345 683 473 711 ἀντιφράττει
475 681 507 710 τὸν
513 677 598 713 ἥλιον:-

202 725 252 752 Περὶ
257 723 386 749 ἐκλείψεως
392 719 506 754 σελήνης:-

3 760 48 790 μστ´.
56 747 113 818 Ἐ
196 764 213 785 ἡ
217 764 294 791 σελήνη,
308 772 332 792 εἰς
339 771 352 789 τὸ
360 766 390 788 τῆς
402 764 433 793 γῆς
440 767 560 791 ἐμπίπτουσα
570 759 603 783 σκί-
115 765 190 789 κλείπει
