641 812
34 44 65 76 Τίς
70 50 82 72 ἡ
88 42 182 75 διαίρεσις
192 42 216 66 τῶν
223 42 279 67 κοινῶν
280 41 377 71 ἐνεργειῶν
387 44 413 65 τῆς
417 44 463 72 ψυχῆς
464 29 502 78 πρὸς
505 39 528 65 τὸ
533 32 581 72 σῶμα:-

5 94 46 144 T
78 88 163 119 ἐνεργειῶν
175 86 192 120 αἱ
192 93 235 111 μέν,
243 87 313 112 ἄρχονται
323 85 355 106 ἀπὸ
362 87 386 105 τῆς
391 86 442 112 ψυχῆς
447 80 499 109 ὥσπερ
500 80 527 111 αἱ
573 80 599 99 ο´.
47 95 76 120 ῶν

54 134 119 151 κρείττους
128 124 159 152 καὶ
166 127 186 146 αἱ
193 127 290 152 προέχουσαι
304 124 321 143 αἱ
329 122 347 143 δὲ
351 124 384 142 ἀπὸ
388 124 412 142 τοῦ
417 120 492 143 σώματος
493 122 528 152 ἀνε-

51 168 119 191 γείρονται
139 166 183 188 ὅταν
186 163 225 191 μὲν
231 168 276 188 διψῆ
280 160 315 186 μὲν
324 158 336 182 ἢ
338 162 384 185 πεινᾶ
399 159 408 180 ἢ
422 156 465 185 ῥιγᾶ
473 155 484 180 ἢ
490 155 533 187 ἄλλου

46 207 90 227 τινὸς
98 206 146 225 δέηται.
161 203 172 223 Ἡ
179 201 222 229 ψυχὴ
228 202 243 221 δὲ
250 201 265 223 τὸ
271 199 352 223 ἐντεῦθεν
364 199 431 226 πορίζοι
437 203 460 219 τὰ
468 194 543 224 ἐλλείποντα

51 242 124 264 σώματα.
143 236 194 264 Πάλιν
201 238 255 260 τοίνυν
260 242 286 260 τὰ
292 241 332 263 μέν,
346 241 372 261 τοῦ
381 234 463 264 σώματος,
470 240 492 260 ἐστὶ
500 230 556 259 παθή-

53 285 98 309 ματα
107 283 136 302 διὰ
140 278 176 302 τὴν
179 281 236 309 ψυχὴν
255 276 305 308 ὥσπερ
310 280 329 300 τὸ
336 275 429 308 ἐρυθριᾶν,
441 276 491 302 διότι
498 274 514 296 ἡ
516 271 556 306 ψυχή,

47 322 114 351 αἰσχὸν
119 320 137 344 τί
138 311 206 350 ἔκρινε,
211 321 241 346 τὰ
247 317 268 343 δὲ
273 322 307 344 τῆς
308 320 364 351 ψυχῆς
370 319 404 342 διὰ
408 322 426 339 τὸ
431 319 488 342 σῶμα
499 311 559 342 ὥσπερ

50 367 68 386 αἱ
75 363 131 385 ἡδοναὶ
142 361 172 388 καὶ
180 358 201 387 αἱ
207 362 264 387 λύπαι
268 360 302 386 διὰ
310 359 336 389 τὴν
343 360 370 387 τοῦ
376 356 458 386 σώματος
463 354 540 379 γένεσιν

54 406 81 435 περὶ
94 402 124 434 τὴν
129 401 183 431 ψυχὴν
192 401 311 429 συμβαίνουσι.
322 399 347 424 Τὰ
348 399 369 422 δὲ
380 395 481 428 ἐπικοινωνεῖ
484 390 547 422 ἐξίσου

49 446 101 475 ὥσπερ
106 448 122 469 δὴ
127 444 146 469 τὸ
147 447 235 471 φέρεσθαι
245 443 290 469 κατὰ
301 445 358 466 τόπον
370 443 390 460 τὸ
401 442 429 464 μὲν
431 438 465 462 γὰρ
474 431 541 457 διαμεί-

48 491 88 508 βειν
94 489 161 508 τόπον,
166 485 216 505 ἴδιον
225 477 253 506 ἐστὶ
257 476 340 508 σώματος
359 479 374 503 τὸ
379 480 397 499 δὲ
408 474 457 498 κινεῖν
462 473 506 497 κατὰ
512 472 550 494 τὴν

53 529 118 548 φοράν,
125 526 181 549 ψυχῆς
190 521 259 549 ὑπάρχει
268 518 371 548 ἐνέργεια:-

54 558 201 592 Ἀκριβέστερον
213 559 266 592 περὶ
276 559 371 592 ψυχικῶν
382 558 528 585 δυνάμεων:-

17 597 56 658 O
67 605 106 631 μὲν
115 604 174 630 πολλοὶ
181 605 217 625 τῶν
223 604 352 630 φιλοσόφων,
361 601 426 626 ἁπλῶς
440 600 485 623 οὕτως
489 598 552 620 δυνά-
583 597 614 622 οα´.
55 613 64 628 ἱ

56 653 88 672 μεις
95 646 153 674 ψυχῆς
157 645 265 674 ὀνομάζουσι
266 641 304 673 χρὴ
308 645 328 664 δὲ
335 645 384 669 οὕτως
390 640 459 673 διαιρεῖν
463 636 491 669 ὡς
498 636 533 660 εἰσὶ

54 685 115 715 νοεραὶ
124 686 210 709 δυνάμεις
217 687 251 707 τῆς
255 688 307 709 ψυχῆς.
328 682 347 701 Αἱ
351 681 390 706 μέν,
395 677 454 703 νοεραὶ
465 686 494 701 καὶ
505 677 538 702 εἰς

61 723 92 758 τὸν
99 723 151 758 ἄϋλον
157 721 274 756 ἀναγόμεναι
276 717 330 750 νοῦν
336 716 365 739 τὸν
373 712 465 742 κρείττονα
471 710 496 733 τῆς
500 710 553 745 ψυχῆς

60 775 78 783 αἱ
82 763 101 784 δὲ
117 767 246 785 πληρούμεναι
260 759 312 782 αὐτοῦ
322 757 351 780 τοῦ
356 753 384 775 νοῦ
392 752 426 772 τῆς
431 747 487 774 ψυχῆς
491 747 549 770 ὅστις
