586 790
44 46 87 69 μὲν
90 40 155 69 μέλαν,
167 42 203 69 ἔσω
211 43 313 70 συνειστήκει
324 41 343 64 τὸ
351 41 375 64 δὲ
376 42 464 66 λαμπρὸν
467 40 520 69 ἔξω.

39 84 145 103 τηνικαῦτα
148 80 175 107 δὴ
201 79 245 105 ὄψις
252 82 285 103 τοῦ
287 80 329 105 μὲν
335 82 423 104 λαμπροῦ
424 82 500 106 μᾶλλον
180 79 197 106 ἡ

48 121 231 147 ἀντιλαμβανομένη,
238 121 267 141 τοῦ
272 121 299 143 δὲ
305 121 395 142 μέλανος
404 118 520 144 βραχύτερον,

35 158 103 186 χάσμα
111 161 159 183 δοκεῖ
164 158 213 185 ὁρᾶν
227 155 266 186 ὅπερ
272 155 312 187 παρὰ
318 157 355 184 τὴν
361 157 464 186 φαντασίαν
473 156 511 185 τοῦ

39 193 122 222 μέλανος
125 193 228 223 χρώματος
332 188 377 222 Περὶ
381 187 418 222 τῶν
422 190 526 223 φαινομένων
233 195 313 217 γίνεται:-

20 237 50 264 ἐν
55 241 75 262 τῶ
81 238 122 260 οὐρανῷ
129 229 198 256 διαφόρων
202 230 283 255 πυρίνων
287 231 463 257 φαντασμάτων:-

44 277 181 303 κφλογούμενον
189 273 212 296 ὡς
220 277 317 299 εἰρήκαμεν
326 270 348 294 τὸ
350 267 460 294 ὑπέκαυμα,
538 267 579 303 να´.
470 271 489 291 εἰ
490 269 518 293 καὶ
11 264 45 328 Ἐ

45 313 88 339 κατὰ
95 314 153 336 μῆκος
161 309 214 337 μόνον
219 311 302 337 ἐξαφθῆ
318 311 355 335 καὶ
359 312 442 336 ποιήσει
443 309 534 333 ἀποσπιν-

36 351 145 379 θηρισμούς,
159 350 183 377 αἱ
188 351 287 379 λεγόμεναι
302 345 350 372 αἶγες
353 351 434 377 γίνονται,
439 344 507 378 μαλλοῖς

38 387 74 418 γὰρ
84 386 263 415 ἀποσπινθηρισμοὶ
273 385 401 413 ἐκκρεμέσιν
407 382 511 410 ἑοίκασιν.

37 428 56 453 οἱ
65 427 86 448 δὲ
94 433 112 451 οὐ
119 426 185 453 ποιήσει
193 430 369 455 ἀποσπινθηρισμούς,
388 418 411 457 τὸ
468 425 519 456 μῆ-
418 426 464 457 κατα

43 468 72 491 κος
76 465 182 496 ἐξαφθέν,
197 467 239 497 δαλὸς
379 467 505 496 ὀνομάζεται.
248 470 263 496 τὸ
270 474 330 494 σχῆμα
340 465 377 497 κατ᾽

40 510 56 529 οἰ
63 509 82 527 δὲ
88 508 205 535 φαινόμενοι
212 506 308 532 πίπτοντες
318 507 398 536 ἀστέρες,
406 505 433 532 οὓς
443 506 476 531 καὶ
483 507 523 529 δι-

41 542 118 567 άττοντας
125 545 140 568 ὁ
145 545 241 574 ἀριστοτέλης
257 545 311 574 καλεῖ,
324 543 403 574 σπέρμα
407 543 446 570 εἰσὶ
454 544 516 572 πυρὸς

32 584 170 613 ἐξαφθείσης
183 583 237 614 κατά
239 588 268 614 τι
270 585 333 616 μέρος
338 583 371 611 τῆς
381 585 481 612 καπνώδους
487 588 535 612 ἀνα-

221 619 269 650 κατὰ
36 621 157 651 θυμιάσεως
176 621 215 648 καὶ
278 622 369 646 διάδοσιν
377 622 458 650 πλαγίαν
466 622 522 653 ποιη-

40 657 116 685 σάμενοι
128 659 205 687 κίνησιν.
216 662 256 690 λοξὴ
266 655 290 691 δὲ
297 659 364 689 γίνεται
371 660 386 689 ἡ
390 662 468 688 κίνησις,
477 662 509 686 δι᾽

37 697 100 723 αἰτίαν
106 698 180 725 ἑτέραν
208 700 255 725 ὅταν
265 697 313 725 ὑπο
318 700 401 727 ψύξεως
412 701 510 730 ὠθούσης

33 736 51 765 τὸ
55 739 112 768 σχῆμα
116 737 192 771 γένηται.
217 740 280 764 ἐπειδὴ
288 734 321 765 γὰρ
334 742 373 764 πᾶν
377 743 393 762 τὸ
403 736 474 763 ἄνωθεν
482 739 518 765 ἀ-
