641 808
50 32 114 56 πολλοῦ
124 23 154 54 γὰρ
164 30 235 52 ἀνέμου
246 28 331 52 πνέοντος
340 23 452 51 διακίδναται
463 27 474 46 ἡ
480 26 536 52 ἀτμίς,

44 67 94 105 ὑπὸ
98 69 132 100 τῆς
137 71 164 102 τοῦ
170 71 275 93 πνεύματος
283 72 349 96 βιαίας
360 73 450 97 κινήσεως.
466 66 522 85 πλὴν
526 65 546 92 ἡ

45 114 85 137 μὲν
95 112 155 138 δρόσος
165 108 187 131 ἐν
190 107 223 128 τοῖς
236 106 344 138 αἰεινωτέροις
358 111 426 136 μάλιστα
436 106 494 132 καιροῖς
504 109 538 129 καὶ

37 152 120 180 χωρίοις.
137 150 153 175 ἡ
158 153 177 181 δὲ
182 147 244 179 πάχνη
252 145 277 174 ἐν
315 144 421 179 ψυχροτέροις
432 141 488 166 γίνεται
502 143 535 170 καὶ
278 145 310 172 τοῖς

50 191 61 212 ἡ
64 192 102 212 μὲν
107 188 167 213 δρόσος
183 189 243 208 νοτίων
253 184 363 212 πνευμάτων
374 183 542 211 ἐπικρατούντων

46 222 147 256 συνίσταται,
161 230 174 253 ἡ
179 228 200 247 δὲ
208 228 265 256 πάχνη,
275 223 348 252 βορείων.
364 223 444 252 ἀναλογεῖ
492 223 536 249 μὲν
448 224 467 244 δὲ
477 220 487 247 ἡ

48 273 106 300 πάχνη
115 270 137 294 τῇ
142 271 196 298 χιόνι
449 264 470 292 δὲ
217 267 228 297 ἡ
231 265 255 293 δὲ
262 262 326 292 δρόσος
330 266 360 288 τῷ
366 262 413 291 ὑετῷ
431 267 439 291 ἡ
478 263 538 288 χάλαζα

48 313 76 335 καὶ
85 308 100 337 ἡ
105 306 202 332 κρύσταλος,
216 305 278 331 ἄμφω
289 305 338 329 πῆξις
352 309 392 327 εἰσὶν
405 305 464 324 ὕδατος
482 303 552 333 ψυχρό-

44 352 100 377 τατον
320 341 440 369 θερμοτέρες
111 348 129 370 ὃν
150 340 219 375 χάλαζα,
136 349 149 371 ἡ
242 348 263 371 ἐν
271 342 310 370 ταῖς
455 342 529 370 ὥραις

47 383 108 411 μάλιστα
114 387 181 411 γίνεται,
206 383 249 412 ἕαρι
260 388 291 409 καὶ
298 383 420 410 φθινοπώρῳ
429 387 540 407 πολλάκις

45 430 65 450 δὲ
79 428 105 452 καὶ
112 426 141 449 τοῦ
144 424 210 451 θέρους
227 426 276 448 διότι
287 425 382 455 φυσικῶς
390 419 539 451 ἀντιπεριίσταται

40 471 65 491 τὸ
67 462 148 491 θερμὸν
150 464 203 488 πρὸς
508 461 529 487 τὸ
242 466 312 493 ψυχρόν.
207 465 230 492 τὸ
324 471 341 493 ἢ
346 464 390 493 ὅταν
395 463 437 489 μὲν
485 462 499 488 ἦ
445 458 478 492 ἔξω

42 507 124 536 θερμόν,
136 503 187 531 ἔνδον
198 502 317 530 ἀποκλείεται
325 507 346 526 τὸ
356 503 419 535 ψυχρόν.
436 502 477 536 ὅταν
484 509 501 533 δὲ
505 498 547 535 ἐκτὸς

43 549 113 576 φέρηται
124 553 140 572 τὸ
148 547 211 576 ψυχρόν,
225 541 282 571 ἔνδον
289 542 400 574 συνεισάγεται
410 548 426 569 τὸ
429 550 506 573 θερμόν.
516 540 540 569 ἐν

31 587 76 613 οὖν
84 588 125 612 ταῖς
134 585 270 615 θερμοτέραις
283 582 344 612 ὥραις
354 583 375 606 τὸ
381 584 447 615 ψυχρὸν
458 580 494 604 ἔσω
501 582 530 609 ἀν-

35 626 183 652 τιπεριιστάμενον
190 621 221 651 τῷ
308 624 356 655 ποιεῖ
225 624 299 653 θερμῷ
395 619 523 649 χάλαζαν:-
360 619 394 653 τὴν

82 666 105 694 τὸ
0 659 42 715 Ἡ
40 659 81 700 ἴρις
114 664 234 698 καλούμενον
408 663 448 697 Περὶ
237 660 289 695 τόξον,
308 667 356 697 παρὰ
365 657 402 692 τοῖς
454 660 552 690 ἴριδος:-
597 654 628 683 νστ´.

46 709 117 733 πολλοῖς
128 710 166 730 τὴν
170 706 229 733 φύσιν
233 706 273 730 μὲν
283 708 405 731 ἀνυπόστατον.
409 708 488 732 ἔμφασις
492 706 513 727 δε
518 706 537 729 ἐστι

515 743 570 775 ἀπὸ
46 754 74 772 καὶ
81 743 186 772 φάντασμα
195 748 233 768 τοῖς
244 747 320 772 ὀρῶσιν
330 738 397 770 ὄψεως
417 740 508 770 ἀκτίνων
