687 851
120 61 160 80 τοῦ
164 60 183 79 δὲ
194 56 312 86 ἀλλοιομένου
323 55 334 78 ἡ
339 55 426 87 ἀλλοίωσις
446 61 478 80 τοῦ
479 60 503 80 δὲ
509 55 617 79 φερομένου,

125 105 136 124 ἡ
137 99 189 128 φορὰ
208 96 240 126 καὶ
247 96 296 120 ὅλως
303 99 337 119 τοῦ
340 101 439 129 γινομένου
451 101 462 130 ἡ
463 99 534 130 γένεσις.
551 102 578 128 ἔστι
583 102 615 127 οὖν

126 143 138 163 ἡ
144 141 213 164 κίνησις
231 136 270 162 οὔτε
280 139 336 169 ἀρχή,
348 134 382 161 οὔτε
386 141 438 162 τέλος
456 142 500 170 ἀλλὰ
510 145 526 164 τὸ
527 144 604 170 μεταξὺ

127 180 191 203 τούτων.
211 183 248 202 τῆς
252 173 285 208 γὰρ
296 179 445 206 οἰκοδομήσεως,
455 173 488 205 οὔτε
495 182 541 211 ἀρχὴ
550 181 620 211 κίνησις,

124 214 168 243 οὔπω
174 215 202 245 γάρ
203 215 218 239 τι
228 217 336 244 κεκίνηται,
348 215 389 244 οὔτε
390 217 410 241 τὸ
411 222 470 244 τέλος.
487 222 588 245 Πέπαυται
593 213 618 250 γὰρ

124 263 145 284 τὸ
155 258 286 286 οἰκοδομηθὲν
302 261 322 284 τὸ
323 260 350 288 δὲ
356 265 380 287 ἐν
385 260 438 287 μέσω
444 263 510 286 τούτων
517 257 556 285 οἷον
563 263 574 284 ἡ
575 264 615 288 οἰκο-

126 305 214 333 δόμησις,
220 308 267 329 τοῦτο
278 304 352 328 κίνησις
360 311 399 329 ἐστὶ
409 304 450 335 ὅπερ
456 305 478 327 δὴ
485 303 501 333 καὶ
506 304 616 333 ἐντελέχειαν

126 345 229 372 ἀριστοτέλης
241 340 367 371 ὠνόμασεν:-
403 343 449 378 Περὶ
461 343 611 374 αὐτομάτου:-

16 382 48 406 κβ´.
74 383 113 423 T
150 382 207 415 τύχην
217 387 245 425 οὐχ
280 382 382 415 νομίζουσι
386 385 438 413 τινές,
454 388 474 416 οἱ
483 388 599 419 ἀκριβέστεροι
602 392 630 412 τῶν
247 383 276 417 ὡς
115 390 147 413 ὴν

122 427 237 451 Φιλοσόφων
246 427 330 457 ἐδέξαντο
351 427 389 451 οἷον
396 427 454 461 ἄλογόν
455 427 507 452 τινα
514 431 574 457 φύσιν
582 427 613 455 καὶ

121 468 152 495 μὴ
161 465 239 497 ἔχουσαν
247 465 301 497 τάξιν
313 464 363 493 μηδὲ
378 463 439 497 εἱρμὸν
456 472 498 497 ἀλλὰ
505 469 620 497 παρακολούθη-

123 510 155 534 μα
159 507 233 533 ταύτην
243 505 321 537 ἀόριστον
333 512 359 535 ἐν
365 510 400 533 τοῖς
409 510 460 537 κατὰ
468 505 587 539 προαίρεσιν
598 520 623 537 καὶ

123 557 189 575 ἕνεκα
190 551 244 574 τινὸς
246 552 359 584 γινομένοις,
365 551 464 582 ὡρίσαντο
490 551 529 578 οἷον
535 555 627 582 προελήλυ-

124 598 154 616 θέ
158 594 191 616 τις
200 592 228 613 ἐκ
232 593 265 613 τῆς
274 590 341 622 οἰκίας,
349 593 469 621 λουσόμενος.
491 587 534 617 αὕτη
546 595 556 617 ἡ
561 592 631 624 πρόοδος,

123 632 152 657 ἐκ
163 631 301 655 προαιρέσεως
322 636 352 662 καὶ
363 629 429 662 ἕνεκα
433 638 479 660 τινὸς
488 635 593 671 πράγματος
604 635 634 658 τοῦ-

124 679 167 703 τέστι
176 680 210 701 τοῦ
211 673 332 700 λούσασθαι.
358 676 399 702 εἶτα
409 678 564 705 προερχόμενος,
571 674 629 705 ἐνέτυχε

122 718 225 743 θησαυρῷ.
238 720 271 742 τὴν
278 713 312 741 οὖν
325 718 394 741 αἰτίαν
403 721 438 741 τῆς
439 715 543 743 εὑρέσεως
548 719 585 739 τοῦ
586 719 615 737 θη-

126 760 202 781 σαυροῦ,
214 756 267 781 τύχην
279 759 383 780 ὠνόμασαν
395 759 409 780 οἱ
419 766 482 780 σοφοί.
500 762 517 781 τὸ
525 755 582 781 μέντοι
583 764 607 783 γε
607 751 636 772 αὐ-

124 797 213 825 τόματον,
225 809 257 825 καὶ
266 799 291 824 ἐν
296 800 332 823 τοῖς
340 795 430 827 λογικοῖς
494 795 614 825 μαχαιρίδιον
445 798 492 822 ὅταν
