645 816
60 57 99 84 ἀπό
100 55 141 82 τινος
143 58 244 81 κρατοῦντος
247 56 359 81 ἐκπεπτοκώς,
374 57 402 81 κατ᾽
407 52 457 79 ὀρθὸν
462 49 539 77 ἐμπαγείη

59 99 79 122 τῇ
83 97 110 129 γῇ
115 103 135 127 ἐν
140 99 159 125 δὲ
162 99 190 122 τοῖς
194 95 259 122 ἀλόγοις,
267 96 311 118 ὅταν
313 94 363 121 ἵππος
372 97 393 116 ἐν
401 96 471 117 πολέμῳ
476 90 501 111 τὸν
505 96 538 116 δε-

60 141 117 160 σπότην
128 135 221 162 ἀποβαλών,
231 133 272 155 ἀπὸ
278 132 384 155 ταυτομάτου
397 131 492 156 διασωθείη

193 170 253 199 Περὶ
260 163 417 193 εἱμαρμένης

19 209 56 254 T
89 212 203 240 εἱμαρμένην
227 209 252 236 τις
209 203 224 238 εἴ
256 208 309 234 γνοίη
312 208 347 233 σὺν
354 202 443 233 ἀκριβεία
463 208 487 232 καὶ
498 203 543 229 ὅθεν
580 199 611 224 κγ´.
57 213 81 237 ὴν

342 246 412 274 μερίδα
51 257 93 278 καὶ
96 250 145 278 ὁποῖα
152 247 189 280 τὴν
189 253 248 277 φύσιν,
257 247 334 278 μεγίστην
422 244 467 273 πρὸς
473 250 531 273 φιλο-

58 287 125 314 σοφίαν
131 288 226 315 μετείληφε.
249 291 294 315 παρὰ
496 283 540 305 ἀτι-
301 294 338 310 μὲν
344 283 374 317 γὰρ
378 283 412 306 τοῖς
419 284 487 310 πολλοῖς,

61 325 135 348 μάζεται
244 329 289 350 παρὰ
295 324 316 353 δὲ
319 324 354 351 τοὶς
356 324 454 352 σοφοτέροις
461 324 538 346 θαυμά-
142 321 229 353 τοὔνομα.

59 365 106 394 ζεται.
125 360 153 391 ἔστι
158 367 178 387 δὲ
184 370 260 394 γενικῶς
266 368 307 389 μὲν
316 363 358 388 εἰπεῖν,
375 362 389 387 ἡ
396 360 444 392 φύσις
449 361 470 384 τοῦ
475 357 549 392 κόσμου

58 407 70 430 ἡ
78 410 152 431 κινοῦσα
158 405 180 427 τὰ
187 402 268 433 σώματα
277 402 331 431 κατὰ
340 401 392 430 μέρος
401 400 425 424 δέ,
436 403 519 428 δευτέρα

54 445 91 468 τῆς
97 439 184 471 προνοίας
194 440 283 470 ἔλαμψις
293 446 324 467 καὶ
331 437 426 466 ἐπιστασία.
440 442 459 465 οὐ
463 441 492 465 κατ᾽
497 440 531 466 εὐ-

54 483 105 505 θεῖαν
113 488 150 508 τὴν
158 484 228 510 κίνησιν
237 477 303 510 ἔχουσα
320 477 378 509 ὥσπερ
384 484 396 501 ἡ
401 479 463 508 κυρίως
473 477 506 505 ἐστὶ
513 474 551 504 πρό-

59 525 101 548 νοια
117 528 160 550 ἀλλὰ
170 520 260 547 δεομένη
267 521 341 550 καιρῶν
348 521 387 549 καὶ
390 517 462 546 χρόνων
468 519 501 543 καὶ
506 515 542 546 τό-

60 566 107 590 πων
112 563 145 594 εἰς
144 556 257 588 ἀποτέλεσμα.
268 557 317 585 ὅθεν
326 561 353 582 καὶ
364 562 468 587 εἱμαρμένη
475 559 541 587 λέγεται

60 605 82 627 ὡς
93 600 178 630 εἰρομένη
180 600 207 628 τίς
211 598 270 630 φύσις
279 603 309 626 καὶ
319 599 479 623 συμπεπλεγμένη
492 595 528 619 διὰ

57 644 127 667 πολλῶν.
141 642 173 669 τὰ
178 642 217 663 μὲν
225 636 257 664 οὖν
264 639 372 665 ἀσώματα,
384 634 426 660 ὑπὸ
433 634 530 668 πρόνοιαν

48 687 88 707 ἐστὶ
93 682 153 707 μόνον
163 679 192 706 τὰ
200 679 223 704 δὲ
224 680 305 701 σώματα,
311 678 346 707 καὶ
357 675 393 704 ὑπὸ
400 679 491 705 πρόνοιαν
505 672 538 699 καὶ

53 711 108 742 ὑπὸ
118 716 276 743 εἱμαρμένην:-
327 714 372 744 Περὶ
382 717 494 743 ἀνάγκης:-

6 751 51 792 Ἀ
128 754 255 783 ὠνομάζουσιν
265 755 283 779 οἱ
290 753 398 788 φιλόσοφοι
408 751 499 782 δύναμιν
503 752 550 775 τινὰ
573 750 606 776 κδ´.
62 760 125 788 νάγκην
