661 841
131 25 226 51 ἀπόρροιαί
282 29 387 52 πέμπονται
406 27 471 58 αἵτινες
480 40 500 60 ἐν
507 32 531 60 γῆ
532 47 604 69 μεταξὺ
608 56 639 69 τοῦ
225 23 272 47 τινες

131 68 239 91 διαστήματος
244 72 357 93 μιγνύμεναι,
368 70 405 93 τὰς
411 69 466 97 ἰδέας
467 75 514 102 τῶν
515 85 616 107 χρωμάτων

134 115 224 135 ποιοῦσιν.
235 113 254 138 οὐ
264 113 320 135 πᾶσι
328 114 355 136 δὲ
355 119 401 141 φασὶ
411 125 482 140 ὁμοίως
490 117 515 136 τὰ
525 121 563 146 αὐτὰ
567 120 623 150 χρώ-

131 155 187 176 ματα
196 148 293 176 φαίνεται
310 155 353 184 ἀλλὰ
360 164 407 185 πρὸς
410 160 440 182 τὰς
449 160 559 189 διαφόρους
562 164 631 193 κράσεις

128 194 166 214 τῶν
173 194 256 220 ὁρώντων
260 195 289 220 καὶ
299 197 407 224 ὁρωμένων,
420 199 452 221 τὰς
454 202 515 231 χρώας
523 209 634 238 μεταχρωννύ-

122 237 181 256 εσθαι.
199 236 236 255 τοῖς
237 235 277 256 μὲν
282 233 310 261 γὰρ
313 236 423 266 ἰκτεριῶσιν,
436 242 494 269 ὠχρὰ
501 248 529 268 τὰ
534 246 623 271 ὁρώμενα

128 274 215 308 φαίνεται
228 280 264 300 τοῖς
264 282 287 299 δὲ
291 284 327 303 τὴν
336 279 394 308 κόρην
405 285 475 311 ξανθὴν
478 282 556 315 ἔχουσι,
559 292 626 315 ξανθά.

127 320 167 340 τοῖς
170 322 196 339 δὲ
198 320 284 346 φλέγμα
291 319 333 348 περὶ
338 320 373 344 τοὺς
378 318 453 347 ὑμένας
461 320 489 349 τῶν
497 322 613 350 ὀφθαλμῶν

127 355 200 384 ἔχουσιν,
207 357 324 389 ὑπόλευκα.
343 363 372 388 καὶ
380 359 432 392 ἄλλοις
438 363 500 390 ἄλλως
503 361 546 389 κατὰ
553 368 581 388 τὴν
590 371 632 390 δια-

121 400 185 429 φορὰν
200 403 241 429 τῶν
244 399 333 431 κράσεων:-
531 407 549 437 καὶ
386 399 434 437 Περὶ
441 407 524 441 μίξεως
552 406 654 436 ἀνακράσεως:-

79 430 127 483 Ἡ
6 443 48 474 ιστ´.
129 443 167 474 μὲν
170 447 230 474 μίξις
231 447 304 474 ἕνωσίς
310 451 342 474 ἐστι
447 455 499 478 κατὰ
511 452 627 484 παράθεσιν
348 451 440 477 σωμάτων

117 487 146 511 ὡς
156 487 178 507 δὲ
184 485 249 512 ἐλαίου
256 491 288 515 καὶ
295 490 362 517 ὕδατος
376 495 390 516 οὐ
397 488 433 517 γὰρ
437 495 463 516 δι’
464 496 513 515 ὅλου
516 497 574 523 ταῦτα
580 501 621 520 κιρ-

124 528 185 551 νᾶται
201 527 248 561 ἀλλὰ
254 533 304 558 κατὰ
310 533 344 555 τὰς
355 531 418 562 ἄκρας
426 536 544 565 ἐπιφανείας
551 541 579 560 τοῦ
586 538 634 563 ὕδα-

118 567 154 586 τος.
169 569 235 595 κράσις
241 573 263 592 δὲ
272 574 307 596 ἐστί,
316 573 368 601 ὅταν
373 576 404 598 τὰ
412 576 518 602 ἑνούμενα
523 579 624 602 σώματα

150 610 233 635 ἀλλήλων
121 610 141 636 δι᾽
357 615 396 643 ὡς
399 613 439 644 ἐπὶ
442 612 489 638 οἴνου
494 616 533 638 καὶ
538 611 609 642 ὕδατος.
228 613 354 636 ἀνακραθῆ

120 653 153 676 καὶ
159 657 193 673 τὰ
195 652 235 675 μὲν
238 655 368 682 μιγνύμενα
375 656 474 685 σώματα,
487 656 520 689 ἐκ
524 665 580 685 μέρους
581 664 625 679 μὲν

120 692 214 718 ἑνοῦται,
225 694 314 722 ἀσύγχυτα
321 695 343 715 δὲ
350 704 413 723 μένει.
464 692 484 726 δὲ
424 699 459 718 τὰ
488 699 627 723 κεκραννύμενα,

593 727 648 766 συγκέ-
119 731 140 757 δι᾽
143 730 226 756 ἀλλήλων
219 739 274 764 μὲν
275 737 339 760 διήκει
351 741 391 768 καὶ
394 736 461 763 τέμνει
465 740 490 763 καὶ
497 739 587 761 τέμνεται,

168 771 203 798 δέ.
110 775 166 806 χυται
207 774 225 806 ἡ
230 774 261 802 δὲ
264 776 296 798 τοῦ
295 775 329 798 θεοῦ
447 774 520 803 ἕνωσις
388 778 445 799 ἡμᾶς
336 774 382 803 πρὸς
528 783 561 803 καὶ
567 774 635 807 μίξις
