651 843
117 23 219 52 νεύεσθαι.
227 26 276 49 νοῦν
281 23 313 53 γὰρ
319 25 388 55 σχῆμα
396 26 492 56 μιμεῖται
506 32 565 65 ὥσπερ
572 34 601 63 γὰρ
607 39 621 68 ὁ

117 69 158 94 νοῦς
166 67 272 99 ἐπιστρέφει
279 69 324 96 πρὸς
336 70 407 99 ἑαυτόν,
416 67 459 100 οὕτω
465 71 485 102 δὴ
489 79 527 103 καὶ
533 80 553 109 τὸ
559 81 623 114 αἰθέ-

122 114 159 138 ριον
166 111 229 141 σῶμα
239 108 314 136 συνδέει
325 108 375 141 πρὸς
456 113 504 138 ὑπὸ
508 118 545 140 νοῦ
551 119 625 140 κυβερ-
382 110 448 136 ἑαυτό,

117 146 215 174 νόμενον,
225 150 239 179 ἢ
246 154 294 177 πρὸς
305 151 352 177 νοῦν
362 148 503 178 ἐπιστρέφον:-

207 182 261 217 Περὶ
273 189 360 221 τάξεως
368 191 485 220 ἀστέρων:-

10 224 49 265 μ´.
145 229 177 255 δύο
72 210 114 279 E
244 232 283 259 τῶν
289 233 362 262 ἀστέρων
376 235 540 265 διαιρουμένων,
550 239 580 265 εἰς
585 236 609 266 τὸ
179 229 238 261 τάξεις
113 236 136 260 ἰς

117 272 214 303 ἀπλανὲς
226 275 258 300 καὶ
267 276 408 306 πλανώμενον,
422 276 444 305 οἱ
449 277 490 306 μὲν
500 280 593 309 ἀπλανεῖς
595 281 634 306 τὴν

118 310 241 345 ὑψηλοτέραν
246 314 304 348 τάξιν
314 320 386 348 ἔχουσι
391 318 430 343 τῶν
440 318 542 344 πλανήτων.
596 321 624 348 ἐν
560 321 593 347 οὐκ

110 356 145 385 τῇ
147 358 194 383 αὐτῇ
202 358 316 388 ἐπιφανείᾳ
324 363 360 383 τοῦ
365 360 456 390 αἰθερίου
464 363 553 390 σώματος
563 358 635 395 κείμε-

118 398 147 418 νοι
153 403 185 424 καὶ
191 400 312 431 φερόμενοι
333 404 366 432 ἀλλ᾽
370 404 387 430 οἱ
395 407 441 432 μέν,
444 400 574 433 ὑψηλότεροι
582 405 623 436 αὐ-

109 439 149 465 τῶν
157 441 208 466 εἰσὶν
478 443 503 466 ὡς
222 442 242 466 οἱ
251 445 272 469 δὲ
279 444 410 468 ταπεινότεροι
421 442 443 473 οἱ
451 442 467 467 δὲ
508 441 605 469 ἀπλάνητες,

103 486 162 511 μετὰ
174 482 204 510 τοὺς
218 484 311 511 ἀπλανεῖς
320 482 417 518 τετάχαται
435 484 473 518 ὧν
478 481 543 515 πρῶτος
557 487 600 517 ἐστί,

111 526 124 546 ὁ
127 523 162 547 τοῦ
165 523 243 552 κρόνου
249 526 362 555 λεγόμενος
374 529 432 555 ἀστὴρ
447 533 476 556 καὶ
484 530 530 557 μετὰ
540 533 592 557 τοῦτον,
595 530 609 557 ὁ

108 566 142 593 τοῦ
357 564 386 592 τοῦ
148 566 190 588 διὸς
209 568 238 592 καὶ
246 565 279 593 ὑπ᾽
281 564 327 588 αὐτὸν
334 566 348 591 ὁ
391 564 456 595 ἄρεος
476 568 522 595 εἶτα
528 570 541 590 ὁ
547 571 613 597 ἥλιος

114 613 164 633 μεθ᾽
168 614 186 637 ὃν
194 602 298 637 ἀφροδίτη
317 612 352 637 καὶ
358 612 410 636 μετὰ
419 613 487 638 ταῦτα
496 611 567 640 ἑρμῆς
579 611 615 636 καὶ

259 651 334 677 σελήνη
108 652 233 675 τελευταῖον
243 649 257 678 ἡ
355 661 405 680 μεθ᾽
411 655 431 682 ἣν
478 652 568 679 τέσσαρα
576 654 607 678 στοι
439 654 469 677 τὰ

107 693 154 722 χεὶα
168 688 226 723 ὥσπερ
234 693 341 723 εἰρήκαμεν.
364 693 474 727 ὡρισμένοι
479 699 499 718 δὲ
505 694 569 721 τούτοις
574 685 612 716 εἰσὶ

115 744 144 761 καὶ
153 731 167 761 οἱ
173 734 234 759 χρόνοι
241 736 276 760 τῶν
283 733 384 759 κινήσεων
400 734 531 758 θαυμασίαν
541 731 573 762 τὴν
577 734 626 762 συμ-

110 776 195 806 φωνίαν
199 776 293 807 ἔχοντες:-
311 777 379 806 Πόθεν
387 775 495 805 φωτίζονται
505 779 523 804 οἱ
525 776 612 807 ἀστέρες:-
