649 824
119 23 243 50 κοντιζόμενον,
263 23 316 49 κάτω
329 21 420 49 φαίρεραι.
436 24 494 49 φύσιν
575 15 614 46 πῦρ
501 22 516 50 δ᾽
514 23 546 51 ἔχει
548 20 572 47 τὸ

113 63 150 86 τὴν
158 61 198 91 ἄνω
206 66 272 91 φορὰν
280 64 357 89 διώκειν,
412 67 456 89 μὲν
466 64 609 90 ἐκθλίψεως
365 62 404 89 τῆς

114 108 149 132 ἐπὶ
157 108 185 132 τὰ
191 100 246 132 κάτω
248 103 372 132 βιαζομένης
382 104 484 132 φέρεσθαι
502 106 538 129 τῆς
543 105 565 130 δὲ
573 104 615 132 φύ-

115 150 168 175 σεως
181 149 216 176 ἐπὶ
310 144 452 174 ἀναγκαζούσης,
221 147 250 172 τὰ
257 143 304 172 ἄνω
472 145 513 171 οἷον
524 140 578 174 μίξις
585 144 628 178 γίνε-

111 190 143 215 ται
164 190 196 215 καὶ
199 188 244 221 λοξὴ
255 184 348 216 κίνησις:-
384 184 431 218 Περὶ
434 188 563 211 κομήτου:-

3 231 44 272 νβ´.
65 227 112 286 Ὁ
118 233 200 260 κομήτης
209 228 234 257 ἐν
272 223 420 254 ὑπεκκαύματι
429 227 502 258 γίνεται
525 227 572 254 ὅταν
580 227 613 258 γὰρ
235 226 264 257 τῷ

297 269 331 298 τοῦ
107 278 203 303 ἐξαφθῆ
210 266 237 300 τὶ
239 268 294 303 μέρος
341 268 498 295 ὑπεκκαύματος
505 274 544 294 διὰ
546 272 580 294 τὴν
587 270 626 303 κί-

117 315 173 340 νησιν
186 316 211 345 ὡς
216 314 327 342 εἰρήκαμεν,
341 313 370 339 καὶ
380 315 396 341 εἰ
400 317 441 340 μὲν
453 316 515 337 λεπτὴ
523 312 607 342 σύστασις

108 350 138 384 εἴη,
141 353 244 388 διατρύχει
247 359 306 381 εὐθὺς
313 353 335 383 τὸ
339 354 435 381 ἐξαφθὲν
514 352 609 384 διάδοσιν
448 349 499 379 κατὰ

118 403 150 426 καὶ
158 401 234 427 γίνεται
544 393 557 421 εἰ
236 399 261 424 ὁ
263 393 383 424 καλούμενος
402 394 475 420 διάττων
589 395 623 423 πα-
482 392 532 420 ἀστήρ.
563 394 579 423 δὲ

108 445 189 472 χυτέρα
199 441 280 469 εὑρεθῆ
287 436 302 467 ἡ
306 435 352 470 ὕλη,
369 441 469 472 κατέχεται
478 437 544 463 ἐκεῖσε
550 445 575 469 τὸ
577 442 625 469 σπέρ-

117 488 150 511 μα
155 488 184 508 τοῦ
191 480 313 513 ἐξαφθέντος
327 481 399 507 πυρός,
546 479 630 505 κομήτην.
414 487 450 508 καὶ
457 481 504 504 ποιεῖ
509 488 543 506 τὸν

114 528 147 552 εἰσὶ
156 526 179 548 δὲ
188 524 221 546 τῶν
229 517 320 549 κομητῶν
332 521 359 549 τὰ
371 519 448 552 σχήματα
454 523 553 550 διάφορα,
563 516 604 545 διὰ

110 566 145 590 τὴν
156 565 250 593 διάφορον
256 566 286 588 τῆς
296 561 339 588 ὕλης
346 566 422 593 ἔξαψιν
443 570 454 587 ἢ
461 560 493 592 γὰρ
501 565 545 593 κατὰ
552 564 621 588 μῆκος

120 610 177 635 μόνον
363 605 427 632 γίνεται
185 613 220 635 ἐστὶ
241 603 313 632 ἔξαψις,
221 609 235 633 ἡ
321 608 355 634 καὶ
437 606 449 634 ὁ
455 612 567 636 καλούμενος
576 599 635 630 δοκί-

123 660 149 677 ας,
169 643 182 668 ἢ
190 650 236 675 κατὰ
246 648 310 674 μῆκος
322 650 354 672 καὶ
363 641 439 682 πλάτος,
455 647 489 674 καὶ
499 642 617 672 ἀποτελεῖται

121 698 133 717 ὁ
141 691 217 721 κυρίως
229 694 370 717 ὀνομαζόμενος
379 690 458 720 κομήτης
479 693 491 715 ἢ
502 695 524 717 ἐν
533 689 594 715 βάθει
601 689 641 716 ἔχει

116 730 156 761 οἷον
163 731 206 757 ἀπὸ
214 736 365 758 σπινθηρισμοὺς
369 731 425 755 τινὰς
438 736 468 757 καὶ
481 730 565 757 καλεῖται
571 734 628 751 πω-

122 774 189 801 γωνίας.
205 776 238 801 ἔστι
248 776 270 797 δὲ
283 776 314 800 καὶ
321 772 387 801 ἕτερα
396 771 480 799 ὀνόματα
486 770 525 793 τῶν
533 764 627 800 κομήτων
