646 808
120 25 235 60 τυγχάνοντος,
242 28 323 50 ταύτην
332 21 440 60 ὑφιστάνουσι.
446 29 481 50 Τῶν
487 33 503 50 δὲ
516 26 582 60 ἑλλήνων
591 28 611 51 οἱ

128 66 223 94 πρόκριτοι,
232 64 284 91 μετὰ
292 63 322 86 τὴν
330 62 414 87 τελείωσιν
420 67 448 86 τοῦ
454 70 535 94 φυσικοῦ
540 66 613 98 ὀργάνου

128 118 158 134 καὶ
166 111 196 131 τὴν
201 104 315 131 ἀποκύησιν
320 106 386 130 τούτου,
396 105 506 132 ἐνσπείρουσι
513 110 576 130 ταύτην
585 110 612 129 τῷ

126 144 196 172 σώματι.
217 146 268 171 Πλὴν
274 145 304 168 ὅτε
311 143 349 171 μὲν
357 144 426 169 ἔσωθεν
430 142 448 166 ἦ
452 145 611 174 κατερριζωμένον

128 201 148 218 τὸ
154 184 232 216 ἔμβρυον,
239 186 271 210 τὴν
278 186 360 217 φυσικὴν
369 187 423 218 ψυχὴν
428 185 482 210 τούτου
492 186 578 211 διδώασιν
579 188 622 218 ἐξελ-

121 222 173 252 θόντι
180 232 197 249 δὲ
205 232 246 253 τὴν
247 224 313 249 λoγικὴν
333 239 363 253 καὶ
372 224 450 254 προιόντι
460 227 503 250 τὴν
510 230 596 254 νοεράν:-

145 273 212 300 Πῶς
214 272 321 296 ἑνοῦται
333 270 359 294 τῶ
360 268 447 299 σώματι
459 270 468 294 ἡ
474 269 557 304 ψυχή:-

13 309 44 322 o´.
79 275 123 369 Ε
151 307 227 337 κρίνεται
234 311 264 332 τῷ
270 310 342 337 σώματι
355 315 367 334 ἡ
368 312 418 343 ψυχὴ
437 310 491 343 ὥσπερ
496 312 505 333 ἡ
516 311 586 336 ἀνατολὴ
592 315 615 334 τοῦ
122 304 146 332 ἰς

126 353 176 373 ἡλίου
188 348 250 378 πάντα
261 351 343 378 ἀθρόως
355 353 466 378 ἐμπίπλησι
474 356 508 377 τοῦ
515 355 563 378 φωτός.
576 364 603 378 Καὶ

126 389 155 417 γὰρ
166 392 212 419 αὐτή,
223 393 306 421 ἀθρόως
315 393 361 415 ὅλον
370 392 438 421 ἐξάπτει
447 393 471 416 τὸ
475 394 531 418 σῶμα
540 395 560 414 εἰς
566 389 599 415 τὴν

126 430 176 460 ζωὴν
185 445 218 460 καὶ
224 429 308 461 ζωοποιεῖ
309 427 360 460 τοῦτο
383 433 483 459 ἐπιτηδείως
492 431 535 461 ἔχων
544 445 584 461 πρὸς
587 439 609 456 τὴν

121 479 187 496 ἕνωσιν
195 476 256 498 ταύτης.
275 472 329 504 Ὥσπερ
334 472 363 495 οὖν
376 475 395 496 αἱ
402 472 463 503 νευραὶ
473 476 494 497 αἱ
499 477 629 501 συνηρμοσμέ-

117 524 157 542 ναι
162 527 191 542 καὶ
198 514 219 544 αἱ
220 518 315 544 πόρρωθεν
327 515 374 542 οὖσαι
386 518 518 544 συγκινοῦνται,
528 516 556 543 καὶ
561 517 572 536 ὁ
573 512 623 544 καλού-

117 569 179 586 μενος
191 556 241 586 φθὰς
261 557 324 587 δέχεται
334 562 362 581 τοῦ
369 572 423 587 πυρὸς
432 565 459 582 τὴν
469 555 544 584 δύναμιν
558 560 584 581 τοῦ
585 561 613 583 με-

115 596 170 630 ταξὺ
174 598 228 630 ἀέρος
237 608 265 623 μὴ
274 601 380 632 πυρωμένου,
411 605 453 624 οὕτω
460 605 487 627 δὴ
494 610 510 627 καὶ
522 608 547 622 τὸ
548 604 598 625 σῶμα

120 637 200 665 ἀθρόως
209 638 251 663 ὅλον
259 638 370 669 ἐλάμπεται
383 645 426 665 ἀπὸ
430 646 461 667 τῆς
465 643 525 673 ψυχῆς
545 652 572 666 καὶ
579 642 606 672 οὐ

121 681 145 704 δεῖ
148 682 181 704 τῆς
187 679 277 711 ἀμερίστου
286 685 332 707 ζωῆς
344 683 375 711 καὶ
382 685 496 710 δυνάμεως
512 683 606 713 διηρημένας

121 719 194 744 ἐπινοεῖ
195 733 231 744 τὰς
243 719 328 751 ἐλάμψεις
348 724 362 745 ἢ
363 726 387 746 τὰς
392 718 464 751 μετοχὰς
484 725 581 749 ἀπεικαστέον
584 723 606 744 δὲ

119 761 168 781 αὐτῆ
177 763 201 785 τῇ
207 764 237 788 τοῦ
243 759 290 785 ὄντος
298 768 368 794 μετοχῆ
378 768 404 793 εἰς
404 769 419 786 τὸ
424 761 527 786 γινόμενον.
586 760 607 786 γὰρ
541 758 582 789 Ὥσπερ
