697 826
123 28 180 56 ἕλκων
190 33 225 55 καὶ
233 30 328 60 κουφίζων
338 39 389 59 πρὸς
395 34 422 58 τὸν
431 33 489 60 ἀέρα,
515 32 557 60 κάτω
564 42 578 58 τὸ
588 39 645 68 ἁλμυ-

126 65 193 100 ρότερον
205 68 234 90 ἐᾶ
245 80 275 95 καὶ
282 71 384 101 βαρύτερον.
409 74 442 100 ὅτι
449 78 469 98 δὲ
478 76 581 104 παχύτερον
589 82 626 103 ἐστὶ

124 112 145 134 τὸ
152 109 251 140 θαλάττιον
261 108 308 138 ὕδωρ
320 113 351 135 τῶν
359 116 453 140 ποταμίων
466 115 540 142 ὑδάτων,
553 126 599 148 δῆλον
609 125 648 155 αἰ-

124 153 180 174 σθήσει.
195 154 216 174 ἐν
221 156 260 174 μὲν
270 151 293 179 γὰρ
301 155 335 176 τοῖς
347 156 431 180 ποταμοῖς,
454 159 475 181 οὐ
485 155 571 184 δύνανται
576 165 637 189 πλοῖα,

126 197 194 225 βαρὺν
202 192 263 223 ἔχοντα
272 189 342 224 φόρτον,
350 198 408 225 πλεῖν.
424 200 450 224 ἐν
455 202 474 228 δὲ
482 203 505 226 τῇ
512 202 595 228 θαλάσσῃ,
610 210 637 234 βα-

123 232 206 261 στάζονται
217 232 306 262 ἐλαφρῶς
317 235 354 260 διὰ
362 233 394 260 τὴν
402 234 535 264 ὑποκειμένην
541 235 644 270 παχύτητα:-

121 269 159 301 Τίς
166 273 182 299 ἡ
190 274 243 299 αἰτία
254 277 276 306 τοῦ
347 278 436 307 θαλάσσῃ
435 272 501 304 γλυκὺ
512 278 567 312 ὕδωρ
574 267 690 313 εὑρίσκεσθαι:-
278 276 302 302 ἐν
311 274 339 305 τῇ

466 320 550 355 θαλάσσῃ,
430 320 459 350 τῇ
9 309 45 351 ξα´.
66 309 116 365 Α
177 316 209 344 τοῦ
213 315 263 345 εἶναι
267 316 333 348 γλυκὺ
335 315 389 347 ὕδωρ
404 324 429 350 ἐν
557 334 587 354 τὸ
594 341 635 360 πο-
126 320 168 346 ἴτιον

127 360 185 386 ταμοὺς
248 355 285 387 περὶ
198 360 234 388 ῥεῖν
291 361 341 386 αὐτήν.
363 365 373 394 ὁ
376 368 421 388 γοῦν
431 367 465 388 ἐπὶ
475 365 529 394 γάζαν,
539 373 589 393 πλοῦς,
601 366 645 399 ὕδωρ

123 398 159 430 ἔχει
164 407 225 427 γλυκὺ
247 408 282 427 διὰ
290 405 311 427 τὸ
317 403 362 429 τινὰ
368 406 434 430 στόμια
440 407 472 426 τοῦ
483 407 540 431 νείλου
549 407 610 435 ἐκεῖσε
615 414 651 440 ἐμ-

208 442 232 475 τῇ
127 448 195 467 βάλλειν,
237 443 265 472 γὰρ
274 445 330 473 ῥύμῃ
343 456 374 470 καὶ
381 447 407 469 τῇ
413 447 465 472 ὀρμῇ
476 447 569 480 ἐμβάλλων
574 453 584 473 ὁ
587 454 643 476 ποτα-

126 494 161 508 μὸς
174 488 198 509 εἰς
200 489 226 508 τὴν
229 490 320 518 θάλασσαν
334 486 371 511 οἶον
382 485 444 517 βρύσιν
451 489 494 513 τινὰ
505 490 553 514 ποιεῖ
556 504 582 518 καὶ
590 492 641 518 παρέ-

552 531 563 558 ὁ
115 532 148 556 χει
159 525 209 556 ὕδωρ
220 525 281 552 γλυκύ.
310 531 342 557 καὶ
345 530 388 552 τοῦτο
394 533 415 554 δε
422 530 447 555 σοι
454 532 513 556 ἰστέον
522 532 549 556 ὅτι
568 530 597 559 μὲν
606 533 651 556 πο-

120 569 189 596 ταμός,
197 561 238 591 ἀπὸ
248 564 304 592 πάσης
314 566 392 599 μεγάλης
395 570 452 595 πηγῆς
459 570 486 597 ῥεῖ
500 581 530 597 καὶ
537 573 560 595 τὰ
567 569 632 599 φρέατα

126 610 146 630 δὲ
154 611 192 630 ἀπὸ
203 610 262 635 πηγῶν
273 607 328 638 ἔχουσι
337 615 376 634 τὴν
387 613 448 638 ἀρχὴν
469 613 501 637 καὶ
510 611 549 636 ὅπου
555 624 590 638 μὲν
593 611 624 634 ἀπὸ

121 658 154 675 τοῦ
164 650 230 680 βάθους
238 653 266 675 τῆς
273 649 298 675 γῆς
307 651 407 677 ἐκδίδοται
417 655 439 677 τὰ
450 649 508 678 ὕδατα.
535 651 575 679 ὅπου
575 658 592 677 δὲ
596 654 625 677 ἀπὸ

125 696 206 723 κρηνῶν
220 696 257 722 καὶ
262 694 324 722 πηγῶν
336 699 380 720 ἐπὶ
386 696 447 721 πολῆς
470 698 502 722 καὶ
512 695 575 721 ποταμοὶ
588 691 620 718 μὲν

119 737 168 760 καὶ
169 738 244 761 κρῆναι,
514 740 539 765 δὲ
480 740 511 763 τὰ
388 739 454 767 ὕδατα
314 740 382 763 ἔχουσιν
251 733 310 768 ῥευστὰ
539 739 618 767 φρεάτια,

247 777 280 807 γὰρ
411 779 487 807 ἔξωθεν
292 782 400 807 ἐκῥέουσιν.
228 783 248 800 οὐ
128 778 217 805 στάσιμα.
526 776 624 807 θαλάττης
489 777 516 805 δὲ
