632 818
15 30 47 104 Ἐ
83 36 117 70 μὲν
118 38 154 59 τοῦ
155 39 231 65 φυσικοῦ
235 32 318 61 θανάτου,
327 41 347 62 τὸ
351 42 401 61 σῶμα
405 31 461 58 λύεται
471 35 510 55 ἀπὸ
558 34 592 56 πε´.
50 50 72 64 πὶ

49 79 77 104 τῆς
82 84 128 110 ψυχῆς,
149 73 184 101 ἐπὶ
185 76 204 98 δὲ
205 79 235 102 τοῦ
244 76 303 100 νοητοῦ,
317 77 329 98 ἡ
332 74 368 105 ψυχὴ
375 74 414 97 ἀπὸ
417 74 438 95 τοῦ
439 72 516 110 σώματος.

54 121 64 144 Ἡ
65 117 100 144 μὲν
107 118 131 143 γὰρ
138 118 194 144 φύσις,
200 114 253 137 ἔδησε
254 116 272 138 τὸ
326 115 346 144 ἐν
351 115 373 138 τῇ
379 113 420 140 ψυχῇ.
431 114 448 135 Εἰ
451 113 477 131 μὴ
481 112 510 144 γὰρ
278 117 319 134 σῶμα

52 161 135 187 κατείχετο
137 159 157 177 τὸ
159 158 210 183 σῶμα
220 156 262 177 ὑπὸ
270 153 307 182 τῆς
308 152 356 181 ψυχῆς,
363 147 446 171 διελύετο
452 150 471 169 ἄν.
489 146 530 175 Ὅθεν

49 191 72 227 ἐν
102 192 176 222 θανάτῳ
180 192 245 217 λύεται
255 195 275 216 τὸ
281 195 331 214 σῶμα
339 189 373 217 ἀπὸ
411 190 463 217 ψυχῆς
477 190 485 207 ἡ
494 189 515 206 δὲ
376 189 403 215 τῆς
77 190 97 223 τῷ

47 226 87 266 ψυχὴ
97 231 154 258 ἔδησεν
155 234 223 254 ἑαυτὴν
229 231 260 252 τῷ
267 231 333 255 σώματι
344 229 377 251 διὰ
378 227 423 250 τῶν
424 229 490 251 παθῶν.
508 228 522 253 Ἡ

52 280 87 302 οὖν
95 278 148 302 ψυχή,
157 272 223 299 ἑαυτὴν
224 272 260 295 λύει
271 273 309 294 ἀπὸ
311 273 344 292 τοῦ
349 268 429 294 σώματος
434 265 468 291 καὶ
475 268 489 288 ἡ
491 268 524 291 μὲν

51 315 103 343 ψυχή,
111 304 160 337 μέση
169 315 197 334 ἐστὶ
203 315 234 335 τῆς
246 309 332 337 ἀμερίστου
340 319 369 332 καὶ
372 310 401 330 τῆς
408 307 472 331 μεριστῆς
479 305 531 327 οὐσίας.

57 353 90 380 Οὔτε
94 349 122 380 γὰρ
133 360 194 380 καθὼς
205 353 240 375 ἐστὶν
251 350 322 380 ἀμέριστος
334 346 359 370 ὡς
367 352 377 368 ὁ
380 346 419 371 νοῦς,
431 345 472 368 οὔτε
476 345 523 368 πάντη

51 397 109 416 μεριστὴ
118 396 141 418 ὡς
142 398 166 414 τὰ
175 394 256 420 σώματα.
270 393 280 411 Ὁ
281 390 305 410 δὲ
306 388 343 411 νοῦς
351 385 398 411 πάντη
407 383 464 415 ἀμερὴς
476 383 497 409 τὸ
502 388 527 415 δὲ

56 440 108 458 σῶμα
117 429 166 456 πάντη
173 434 232 460 μεριστὸν
255 432 288 456 καὶ
292 429 315 450 αἱ
317 426 420 453 ποσώτητες
427 423 443 451 καὶ
445 428 466 447 τὰ
471 422 535 448 ἔνυλα

54 477 85 499 εἴδη
92 475 122 499 περὶ
123 471 151 497 τὰ
155 473 232 493 σώματα
244 469 315 490 μεριστὰ
337 465 354 498 καὶ
359 466 421 491 πάντα
430 466 468 490 μὲν
474 465 495 486 ἐν
503 466 551 491 πᾶ-

58 517 78 535 σι.
101 516 124 534 Ἀλλ᾽
126 517 138 534 ὁ
143 516 182 535 μὲν
189 512 220 532 νοῦς,
224 509 303 536 νοερῶς
313 508 343 536 ἔχει
353 507 412 532 πάντα
428 509 440 528 ἡ
443 507 465 528 δὲ
466 505 506 533 ψυχὴ
512 507 554 526 λο-

56 549 112 581 γικῶς
123 553 147 572 τὸ
152 552 174 571 δὲ
179 552 236 573 φυτόν,
247 550 357 573 σπερματικῶς
373 549 396 567 τὸ
403 546 426 576 δὲ
430 547 485 572 σῶμα,
486 546 516 572 τὰ

56 591 123 617 εἴδωλα
129 590 161 617 ἔχει
165 580 198 616 τῶν
203 590 250 615 ὄντων
265 594 276 611 ὁ
280 592 300 612 δὲ
305 595 331 613 θεὸς
351 587 458 612 ἐνεννοήτως
467 586 485 614 καὶ
489 582 543 615 ὑπερου-

50 632 101 658 σίως:-
151 619 197 657 Πῶς
303 628 316 656 ἡ
203 624 296 657 συνέχεται
323 624 366 654 ψυχὴ
381 628 402 652 ἐν
403 628 426 651 τῷ
430 622 522 652 σώματι:-

17 675 46 721 Ἡ
58 673 101 702 ψυχὴ
113 672 204 702 συνέχεται
216 672 239 693 ἐν
240 671 262 691 τῷ
266 671 345 697 σώματι,
351 671 381 695 οὐχ
382 667 436 692 ὥσπερ
440 668 511 696 θηρίον
518 669 538 689 ἐν
584 665 620 691 π´.

54 715 121 740 ζωγρίῳ
141 715 160 733 οὐδ᾽
169 716 202 735 ὡς
205 722 248 740 ὑγρὸν
260 715 286 734 ἐν
294 715 346 733 ἀσκῷ
363 713 389 738 ἀλλ᾽
396 716 434 735 αὐτὴ
465 707 519 729 ψυχή,
438 710 454 733 ἡ

384 750 446 777 ἑαυτῆς
348 748 379 777 ἀφ᾽
238 751 330 780 ῥεπούσας
141 751 237 776 δυνάμεις
46 751 137 785 ὑφίστησι
451 749 467 780 εἰς
475 740 492 776 τὸ
490 738 543 776 σῶμα
