629 790
39 19 73 51 περὶ
82 21 101 45 ὧν
109 23 184 52 ἐροῦμεν
190 21 307 51 προϊόντες:-

47 62 84 94 Περὶ
93 65 125 85 τοῦ
129 56 253 92 φαινομένου
332 58 386 86 οὐρανῷ
262 62 292 92 ἐν
296 60 324 87 τῷ
391 56 525 88 γαλακτοειδοῦς

74 99 159 124 κύκλου
174 100 207 127 καὶ
212 96 322 121 λεγομένου
327 91 451 120 γαλαξίου:-

0 135 41 214 Ὅ
82 143 120 168 ἔστιν
124 142 134 169 ὁ
144 138 215 166 κομήτης
228 139 260 168 περὶ
268 134 304 165 ἕνα
316 132 377 166 ἀστέρα,
392 140 441 159 τοῦτο
448 135 458 159 ὁ
464 128 537 166 γαλαξίας
571 128 614 164 νγ´.
45 147 79 170 περ

39 186 74 209 περὶ
82 181 118 209 ὅλον
128 176 197 204 κύκλον
234 176 263 202 γὰρ
217 178 230 204 ἡ
269 178 311 198 αὐτὴ
319 175 353 199 ὕλη
362 172 438 204 γαλαξίου
443 178 474 199 καὶ
482 175 547 200 κομή-

37 217 66 244 του.
89 222 118 245 καὶ
127 218 183 242 ἐπειδὴ
189 215 223 246 περὶ
229 217 300 246 μέγιστον
308 212 378 242 κύκλον
380 213 394 239 ὁ
398 211 480 237 γαλαξίας
491 213 558 238 γίνεται,

39 261 100 285 πολλὴ
135 258 206 288 ἀνάγκης
108 256 131 287 ἐξ
210 259 223 286 ἡ
226 253 299 287 ἔξαψις
307 257 408 283 συμβαίνει.
424 252 435 283 ὁ
438 251 463 280 δὲ
465 250 537 278 κύκλος

41 303 90 327 αὐτοῦ
99 302 203 327 συμβάλλει
211 299 258 324 κατά
264 300 283 323 τε
293 298 321 325 τὸν
324 295 410 324 τοξότην
422 297 452 319 καὶ
458 291 488 316 τοὺς
492 291 552 318 διδύ-

39 341 83 361 μους
91 337 114 365 ἃ
122 339 148 361 ἐκ
154 334 266 363 διαμέτρου
276 338 322 360 εἰσί.
330 335 364 362 καὶ
374 330 406 362 ἵνα
419 329 435 364 τὸ
438 333 519 359 σαφὲς

39 379 75 410 ἔχει
84 382 97 409 ὁ
100 378 240 404 ἀναγινώσκων
251 376 286 408 περί
292 366 316 397 τε
324 377 410 402 κομήτου
422 382 454 399 καὶ
462 370 550 408 γαλαξίου,

41 414 141 442 γινωσκέτω
152 418 186 444 ὅτι
257 418 307 446 μετὰ
315 415 355 443 τὴν
364 415 452 445 σελήνην
462 419 532 442 σῶμα
189 418 256 449 εὐθὺς

38 459 67 484 ἐστὶ
76 459 95 486 οὐ
99 463 199 487 καθαρῶς
510 454 539 484 καὶ
205 464 242 482 μὲν
251 456 291 488 πῦρ
312 455 343 482 ἀλλ᾽
388 456 505 482 καπνῶδες
346 452 379 480 οἷον

38 498 151 524 δυνάμενον
156 497 312 521 ὑποκινήσεως
318 494 435 523 ἐξαφθῆναι.
446 494 497 525 ὅταν
504 493 532 523 οὖν

40 537 138 564 κινηθέντι
145 542 210 567 μέρος
218 539 256 566 τοῦ
262 529 433 561 ὑπεκκαύματος
437 533 539 565 ἐξαφθῇ

188 578 274 603 μερικὴν
40 575 54 610 καὶ
65 579 148 605 ἐμπέση
154 581 184 606 εἰς
281 572 368 612 παχεῖαν
377 574 430 607 ὕλην
438 576 454 609 καὶ
461 571 518 603 σταίη,

35 617 86 647 ποιεῖ
94 618 184 645 κομήτην,
193 616 245 642 ὅταν
253 619 277 639 δὲ
291 623 312 646 εἰς
321 614 364 642 ὅλον
373 613 452 641 κύκλον
453 613 532 642 διενυ-

28 666 73 690 χθῆ
84 656 164 685 ποιεῖ
169 651 278 687 γαλαξίαν.
286 656 384 690 φαίνεται
391 659 417 685 δὲ
425 646 527 683 λευκὸς

93 694 133 726 οἷον
32 695 92 727 διότι
142 690 281 725 ἐξαφρίζεται
347 692 376 722 τῆς
292 692 341 727 ὑπὸ
383 695 485 724 κινήσεως
497 689 526 721 τὸ

221 734 436 767 ἀπολευκαίνεται:-
168 733 215 764 καὶ
32 729 163 763 ὑπέκαυμα
