655 834
124 39 169 60 οὐδὲ
175 37 285 57 παντάπασιν
302 30 361 54 ἄϋλος
385 35 416 57 ἀλλ᾽
420 29 486 56 ἔνυλος
498 44 532 57 καὶ
533 35 600 57 σωματι-

126 93 158 105 κὸς.
174 81 201 106 Ἔστι
209 81 225 98 δὲ
226 77 247 97 ὁ
248 77 298 100 μετὰ
304 72 341 98 τὴν
352 76 443 98 ἀπόλυσιν
451 74 483 95 τοῦ
489 72 570 98 σώματος
578 86 606 101 καὶ

121 119 153 144 τὴν
161 116 286 147 ἐλπιζομένην
300 112 444 141 ἀποκατάστασιν
452 116 544 139 διηνεκῶς
550 115 604 137 ἐνατε-

126 156 182 186 νίζων
183 157 229 184 θεῷ:-
270 156 319 185 Διὰ
324 167 349 185 τί
418 157 454 185 ἐστὶ
489 156 569 185 κακόν:-
355 158 405 183 ὅλως

18 209 49 238 π´.
79 209 115 258 Τ
141 206 196 222 κακὸν
206 193 276 223 κυρίως
291 197 330 216 οὐκ
331 188 369 218 ἔστιν
391 202 433 227 ἀλλὰ
443 198 518 225 στέρησις
525 189 554 219 ἐστὶ
560 196 590 219 τοῦ
592 194 632 219 ἀγα-
122 208 141 227 ὸ

113 238 166 262 θοῦ
179 242 233 267 ὥσπερ
238 242 264 261 τὸ
265 242 330 265 σκότος,
340 242 432 260 ἀπουσίας
445 246 477 262 καὶ
484 242 552 264 στέρησις
558 242 583 258 τοῦ
585 242 627 264 φω-

124 280 155 302 τός.
169 282 180 300 Ὁ
181 282 204 301 δὲ
214 276 336 306 φιλόσοφος
346 271 430 303 πλάτων,
444 278 517 303 ἑτέρως
518 275 549 298 τὸν
550 273 595 301 λόγον

130 319 219 349 βιάζεται
240 318 379 349 παρυφίστασθαι
382 322 438 349 λέγων
442 320 464 343 τὸ
465 314 525 344 κακὸν
529 317 566 339 διὰ
572 315 604 338 τὴν

129 351 156 388 τοῦ
163 359 224 388 κόσμου
228 359 365 387 τελειότηταν.
388 360 421 384 Οἷον
430 362 452 382 δὲ
460 362 490 383 ἐστὶ
498 362 514 381 τὸ
520 354 614 386 λεγόμενον,

127 403 189 430 ἄκουε.
212 409 232 428 Εἰ
233 407 301 427 τέλειος
311 407 351 428 ἐστὶν
361 405 373 424 ὁ
376 397 449 426 κόσμος
464 402 484 422 οὐ
485 402 514 423 τὰ
521 397 611 428 ἄφθαρτα

126 444 189 471 μόνον,
201 445 249 471 ἀλλὰ
256 444 287 471 καὶ
292 448 316 468 τὰ
321 442 405 471 φθαρτὰ
414 439 492 471 πάροδον
501 440 549 471 ἔσχεν
557 447 578 465 εἰς
581 443 606 465 τὸ

122 487 170 511 εἶναι.
191 488 211 509 Τὸ
217 473 240 509 δὲ
246 479 293 515 παρὰ
294 485 359 515 φύσιν
371 485 397 509 ἐν
398 482 429 506 τοῖς
439 473 527 508 φθαρτοῖς
533 473 564 502 ἐστὶ
572 477 621 504 σω-

129 539 147 553 μασι
158 527 191 556 καὶ
200 532 222 554 ἐν
225 531 264 552 ταῖς
271 528 374 555 ἡμετέραις
381 527 443 557 ψυχαῖς.
464 529 479 548 Εἰ
487 521 520 546 οὖν
528 517 553 543 ἔστι
560 521 576 544 τὸ
580 528 624 557 κακὸν

469 563 518 588 μόνον
134 562 167 592 ἵνα
170 569 193 591 τὸ
196 566 277 597 φθαρτὸν
285 563 301 589 ἦ
316 571 363 591 τοῦτο
370 569 391 590 δὲ
397 564 431 591 ἵνα
435 561 463 590 μὴ
522 561 538 584 ἦ
541 566 554 585 τὸ
564 559 618 583 ἀΐδιον

129 613 175 635 τοῦτο
182 610 208 638 δέ,
219 606 250 634 ἵνα
254 609 323 635 τέλειον
327 608 346 632 ἦ
351 609 370 634 τὸ
378 607 417 633 πᾶν
432 611 483 631 τοῦτο
492 606 514 628 δὲ
521 606 552 627 διὰ
558 609 583 628 τὴν
587 604 609 645 εἰς

127 654 160 675 τὸν
166 652 238 677 κόσμον
244 652 331 677 πρόνοια
341 652 408 676 τέλειον
418 652 534 677 ἀποφήνασα
541 658 561 670 τὸν
566 653 643 669 κόσμον:-

133 687 282 726 Tελεώτερον
292 694 336 725 περὶ
347 694 382 726 τοῦ
394 693 484 722 κακοῦ:-

4 735 50 768 πα´.
97 733 121 772 Ο
176 736 189 755 οἱ
197 733 275 760 λέγοντες
288 733 356 757 ἁπλῶς
366 730 410 755 εἶναι
416 734 443 757 τὸ
508 724 620 756 ἀληθεύουσι,
449 735 504 753 κακὸν
124 736 165 758 ὔτε

115 776 168 791 οὔτε
178 776 195 799 οἱ
196 772 270 802 λέγοντες
278 773 305 792 μὴ
309 768 348 796 εἶναι.
365 771 432 796 Ἐκεῖνοι
437 768 458 798 δὲ
465 769 481 798 τὸ
492 760 574 788 ἀκριβὲς
584 765 628 786 φάσ-
