523 746
31 35 86 58 κουσιν
97 34 111 51 οἱ
112 28 175 55 λέγοντες
181 32 212 54 ποὶ
216 27 242 47 μὲν
251 23 285 48 εἶναι,
297 28 323 47 ποὶ
324 24 351 43 δὲ
352 22 376 46 μὴ
381 20 415 43 εἶναι.
428 24 454 45 Δι-

31 75 57 97 ττὸν
64 73 87 94 γάρ
88 70 115 92 ἐστι
121 72 138 91 τὸ
146 77 193 91 κακὸν
209 68 226 85 τὸ
231 62 264 85 μέν,
267 61 324 97 οὐδὲν
325 61 381 97 ἕτερον,
391 61 398 83 ἢ
410 61 452 83 μόνον

26 112 71 134 κακὸν
81 109 99 124 τὸ
106 109 121 124 δὲ
129 98 250 124 παρεμπλοκὴν
256 98 289 124 ἔχον
296 98 310 124 καὶ
316 102 370 115 ἕνωσιν
378 98 413 116 πρὸς
414 98 436 111 τὸ
439 90 478 114 ἀγα-

27 149 57 167 θόν.
70 143 86 161 Τὸ
90 139 124 164 μὲν
129 129 162 161 οὖν
163 138 218 160 μόνως
228 144 278 168 κακόν,
290 134 316 153 ἐν
317 130 342 156 τοῖς
345 129 381 151 οὖσι
390 129 456 151 πάροδον

28 180 54 204 οὐκ
54 177 98 206 ἔλαχε
119 177 153 205 πῶς
160 173 179 203 ἂν
183 173 211 190 τῆς
217 170 305 190 ἀγαθότητος
312 170 375 188 πάντων
383 163 451 181 αἰτίας

361 199 380 225 δὲ
27 211 72 239 οὔσης,
82 210 188 235 οὐσιωθῆναι
197 209 268 235 δύναται
276 203 324 233 κακόν,
336 203 351 225 τὸ
384 198 493 221 συμπεπλε-

332 234 363 261 τοῖς
31 236 91 272 γμένον
101 244 146 269 μετὰ
152 245 181 273 τοῦ
182 244 249 272 ἀγαθοῦ,
259 237 296 260 ἔστιν
306 240 327 258 ἐν
374 236 413 261 οὖσιν
433 232 458 259 οἷον

26 281 41 307 ἡ
44 285 83 309 ψυχὴ
92 277 112 310 οὐ
294 275 355 301 ἀγαθοῦ
398 274 426 295 ἔστιν
434 271 468 295 ὅτε
366 273 390 303 ἀλλ᾽
117 279 185 307 πάντοτε
261 281 283 301 τοῦ
197 281 254 307 μετέχει

53 321 103 346 μετέχει.
29 321 54 346 οὐ
122 320 162 344 Αὐτὸ
173 315 198 344 οὖν
203 311 221 342 τὸ
250 313 321 336 μετέχειν
331 308 363 328 τοῦ
368 308 432 331 ἀγαθοῦ,
439 314 461 326 κα-
227 316 247 337 μὴ

34 347 66 382 κόν
67 351 105 374 ἐστιν
122 357 146 382 ἀλλ᾽
181 349 213 376 ἔστιν
223 359 270 373 κακὸν
276 341 347 368 ἄκρατον,
356 351 393 374 ἀλλὰ
399 347 454 364 μεμιγ-
154 354 176 378 οὐκ

34 393 84 416 μένον
91 392 116 410 τῷ
124 393 178 418 ἀγαθῷ.
193 390 214 407 Τῇ
221 383 247 409 γὰρ
254 381 307 410 μετοχῇ
314 382 348 402 τοῦ
356 381 411 410 ἀγαθοῦ,

37 643 92 665 ἀγαθῷ
103 640 128 661 ὄντι
134 639 215 665 πράγματι,
226 636 340 660 συμπλέκεται
348 635 365 655 τὸ
370 636 391 653 μὴ
395 637 466 659 μετέχειν

39 667 84 697 αὐτοῦ
95 677 132 697 ἔστιν
142 667 173 695 ὅτε,
178 674 227 701 ὅπερ
231 668 282 697 κακόν
288 673 325 691 ἐστιν
333 669 402 692 ἄντικρυς.
417 669 451 687 Διὰ
452 668 485 686 τοῦτο
