658 868
16 36 53 77 λζ´.
538 52 556 73 τε
65 34 116 94 Ἁ
202 39 238 71 τῶν
499 52 533 76 τῶν
244 42 326 70 ἀστέρων
368 52 392 71 τε
401 49 492 72 ἀπλανῶν
328 45 365 71 τῶν
560 48 638 84 πλανήτων
129 46 196 74 πάντων

119 89 169 115 κατὰ
179 94 220 112 μὲν
228 89 316 115 πλάτωνα,
341 88 387 113 μία
393 91 459 116 οὐσία
467 95 487 117 ἡ
489 93 603 118 διαυγεστέρα,

119 130 159 151 τῶν
163 128 238 156 στοιχείων
242 128 308 157 μερὶς
317 127 356 159 καὶ
361 128 383 157 το
386 124 427 159 οἷον
431 127 551 159 ἐξάφρισμα
554 130 624 161 τούτων.

123 169 171 198 κατὰ
179 171 201 192 δὲ
215 171 326 201 ἀριστοτέλην,
338 171 357 200 ἡ
363 173 444 199 ἐπίνοια
450 172 479 200 τοῦ
484 177 567 202 πέμπτου
572 174 632 206 σώμα-

121 212 154 237 τος,
163 211 184 237 οὐ
190 209 222 237 γὰρ
232 208 346 243 ἐξονομάζει
350 214 389 238 τὴν
396 210 457 242 οὐσίαν
464 215 530 241 αὐτῶν
541 213 582 242 ἀλλὰ
586 214 622 245 τὸν

124 251 187 281 πάντα
197 252 258 275 οὐρανὸν
270 254 307 281 καὶ
315 251 357 277 τοὺς
363 253 442 281 ἀστέρας
450 253 563 282 σύμπαντας
572 257 610 281 διὰ

120 291 155 323 τὴν
165 291 259 320 διάφορον
264 290 355 321 κίνησιν
368 296 413 325 πρὸς
541 302 617 326 στοιχεῖα,
422 297 445 328 τὰ
456 299 531 329 τέσσαρα

118 337 209 362 πέμπτον
214 331 278 361 σῶμα
286 336 342 369 καλεῖ.
350 341 394 364 τῶν
398 338 424 363 δὲ
432 338 550 367 συμπάντων
556 334 619 368 ἀστέρων,

117 375 176 402 ἑπτὰ
181 378 224 402 μὲν
233 379 282 403 εἰσὶν
291 383 308 408 οἰ
315 376 420 406 πλάνητες
430 381 517 411 κυρίως
524 381 544 405 δὲ
551 381 615 412 πέντε.

114 418 129 443 ὁ
133 413 169 446 γὰρ
175 416 226 448 ἥλιος
236 422 266 447 καὶ
274 419 289 445 ἡ
294 418 380 450 σελήνη,
389 425 414 448 οὐ
422 423 569 449 πεπλάνηνται
579 423 616 458 ἀλλ᾽

118 461 138 490 οἱ
144 461 198 492 πέντε
207 461 246 483 διὰ
252 467 270 491 τὸ
278 465 341 492 δοκεῖν
345 464 423 490 ἵστασθαι
434 462 458 504 καὶ
461 463 605 501 ὑποποδίζειν,

113 505 231 535 πλάνητες
238 504 407 535 ὠνομάσθησαν:-

180 543 239 578 Περὶ
245 548 284 578 τῆς
320 548 404 577 ἀστέρων
421 553 490 581 φορᾶς
500 548 519 578 καὶ
527 550 629 579 κινήσεως:-
285 547 315 576 τῶν

87 576 113 637 Ο
9 579 54 607 λη´.
125 588 175 615 μὲν
181 586 280 615 ἀπλανεῖς
290 591 360 618 ἀστέρες
371 587 464 618 ἅπαντες
475 591 602 622 ἐστηριγμένοι
115 597 123 613 ἱ

117 629 172 665 ὄντες
179 628 205 660 ὡς
215 629 337 657 ἀριστοτέλης
334 630 388 658 φησί,
395 636 431 663 καὶ
435 639 472 666 τῷ
475 639 537 666 οὐρανῷ
543 635 619 661 ἀμετα-

114 671 183 699 θέτως
187 669 361 704 συγκινούμενοι,
362 676 458 705 ἐπειδήπερ
468 671 515 704 οὗτος
517 676 544 711 ἐξ
545 677 617 706 ἀνατο-

111 714 157 737 λῶν
165 714 186 739 εἰς
193 714 278 741 δυσμᾶς
282 716 369 741 φέρεται,
385 715 420 744 τὴν
422 722 481 749 αὐτὴν
488 721 506 750 καὶ
515 716 560 746 οὗτοι
569 717 604 740 τῷ

117 754 177 782 οὐρανῷ
182 756 287 782 κινοῦνται
293 757 378 785 κίνησιν.
391 760 417 788 Οἱ
423 758 450 783 δὲ
451 756 558 788 πλάνητες,
566 752 612 781 διὰ

106 797 146 823 τὴν
154 797 254 826 ἀντίθετον
260 803 366 836 ἀντέρησιν
372 804 407 842 καὶ
419 803 528 834 ἱσόσταθμον
533 797 571 827 ὑπὸ
573 799 620 834 σοφῆ
