619 830
52 36 75 67 δὲ
79 48 105 64 καὶ
114 39 148 64 περὶ
156 37 180 62 τὸν
186 40 231 61 ἥλιον
245 36 329 65 φαίνεται
348 41 382 59 καὶ
392 37 449 58 νυκτὸς
457 43 492 58 μὲν
501 37 545 54 πλέον

55 82 116 107 ἔλαττον
147 83 231 109 ἡμέρας.
237 82 274 106 καὶ
279 80 311 104 περὶ
321 75 363 105 μὲν
366 77 395 100 τὸν
403 77 527 102 μεσημβρινὸν
119 84 140 108 δὲ

51 116 123 152 κύκλον
137 122 159 152 ὡς
169 121 208 149 ἐπὶ
210 123 233 144 τὸ
238 116 310 142 πλεῖστον
332 115 409 145 σπανίως
416 118 434 146 δὲ
444 108 486 140 περὶ
494 116 530 136 τὸν

52 161 132 191 ὁρίζοντα.
150 166 184 181 καὶ
191 161 230 182 μία
314 151 417 181 μονόχροος
248 157 274 180 ἀεὶ
283 154 307 180 καὶ
436 149 469 174 ἤτοι
477 151 537 177 λευκή.

244 194 317 224 ὁμαλοῖς
50 205 78 225 καὶ
89 199 186 223 συνίσταται
190 195 236 222 ἐπὶ
368 196 535 213 ὁμοιομερέσιν
319 198 365 218 καὶ

51 239 117 270 νέφεσι.
133 240 202 270 γίνεται
213 239 233 265 δὲ
244 237 273 260 καὶ
284 231 325 262 αὕτη
329 233 358 263 ἐξ
361 229 500 256 ἀνακλάσεως
507 227 547 258 τῆς

52 276 115 304 ὄψεως.
133 278 151 301 δεῖ
158 283 174 299 δὲ
183 281 198 303 τὸ
208 277 297 300 ἔνοπτρον
304 275 339 299 ἀφ᾽
346 274 365 302 οὗ
375 270 478 297 ἀνακλᾶται,
490 267 548 298 εἶναι

50 322 81 345 καὶ
89 316 134 343 λεῖον
146 323 177 343 καὶ
188 321 283 346 διαφανὲς
304 307 345 343 ἵνα
358 313 426 336 ἐκεῖσε
443 314 547 341 ἐμφαίνηται

50 360 69 387 τὸ
77 355 142 385 εἴδωλον
145 359 184 382 τοῦ
193 360 264 385 ὁρατοῦ.
276 350 307 381 ἔστι
314 356 338 380 δὲ
346 356 361 376 ἡ
364 352 454 381 ἀπόδειξις
516 350 542 379 τῆς
466 351 482 381 καὶ
485 352 510 378 τοῦ

50 397 88 426 ἅλου
99 396 170 419 κύκλου
186 395 216 421 καὶ
223 400 254 419 τοῦ
263 399 295 418 τῆς
300 391 364 420 ἴριδος
370 394 454 424 σχήματος
462 390 563 421 γεωμετρι-

49 442 71 465 κὴ
85 437 111 459 καὶ
121 438 152 468 διὰ
157 432 206 468 τοῦτο,
218 434 318 460 δυσπόριστος
329 431 419 460 βασιλεικῇ
432 433 504 460 ἀκοῇ:-

158 476 220 504 Περὶ
231 477 343 504 ῥαῦδων:-

10 509 49 566 O
66 517 182 548 φαινόμενοι
192 516 229 541 οἶον
240 521 308 546 ῥαῦδοι
318 516 366 545 κατὰ
371 517 399 539 τὸν
408 519 467 545 ἀέρα,
472 514 531 541 οὔτε
567 513 603 539 νη´.
47 532 59 552 ἱ

51 560 91 581 κατ᾽
92 559 158 582 ἀντικρὺ
167 552 277 578 συνίστανται
286 557 318 579 τοῦ
325 552 414 580 λαμπροῦ
432 552 483 583 ὥσπερ
489 551 495 579 ἡ
500 551 534 583 ἴρις,

140 599 211 618 κάθετον
49 597 80 621 οὔτε
89 596 132 622 κατὰ
222 594 281 623 ὥσπερ
309 593 356 626 ἅλως.
290 591 302 625 ἡ
376 596 469 624 φαίνονται
473 596 488 616 δὲ
493 595 550 621 ἡμέρα

44 636 102 662 μόνον
120 631 150 658 καὶ
157 635 197 664 περὶ
202 640 232 659 τὸν
238 631 283 657 ἥλιον
289 636 348 662 μόνον
360 633 392 658 καὶ
403 636 441 661 περὶ
449 638 478 656 τὸν
486 628 557 661 ὀρίζοντα

439 671 547 695 μεσημβρι-
44 683 110 702 μάλιστα
115 685 141 705 τὸν
151 672 220 702 δυτικὸν
241 676 307 705 ἔλαττον
315 671 335 708 δὲ
345 681 376 701 καὶ
385 679 403 703 ἐν
409 676 434 704 τῷ

47 719 80 746 νῷ
89 720 121 743 καὶ
125 725 161 747 ἐπί
168 717 272 745 ἀνωμάλων
284 721 314 741 καὶ
319 716 452 741 ἀνομοιωμερῶν
473 711 543 745 ὥσπερ

43 762 70 781 καὶ
79 759 89 782 ἡ
99 757 129 786 ἴρις.
148 760 181 786 εἰσὶ
188 760 211 786 δὲ
215 756 251 788 καὶ
255 755 345 788 τρίχροοι
368 757 425 785 πολλὴ
422 756 463 783 γὰρ
469 757 547 783 συγγένια
