704 850
131 34 238 69 διατάξεσιν
254 41 281 74 ἀλλ᾽
281 41 306 68 ὑπ᾽
371 43 455 66 μάλιστα
463 44 619 73 κατευθύνεσθαι.
307 42 370 64 αὐτῶν

132 88 157 111 ἀλλ᾽
165 87 206 112 οὐδὲ
212 83 318 111 δεσμεῖσθαι
320 82 353 111 τὰς
357 80 420 112 ψυχὰς
428 84 437 117 ἢ
443 84 472 108 τοὺς
481 89 522 114 νοῦς,
526 87 566 114 τοῖς
569 88 630 119 τούτων

133 123 238 152 ὠήθησαν
242 123 332 154 σώμασιν
344 122 377 152 ἀλλ᾽
384 120 411 150 ὑπ᾽
504 127 628 151 ἐξάπτεσθαι
418 127 497 151 ἐκείνων

132 169 164 193 καὶ
170 165 327 191 καταλάμπεσθαι:-
365 165 404 198 Περὶ
412 162 436 203 τοῦ
439 163 454 202 εἰ
457 163 541 195 ἀγένητος
547 171 561 193 ὁ
560 168 610 197 κόσμος
615 164 631 197 καὶ
632 171 698 201 ἄφθαρτος:-

88 199 126 243 Ο
7 195 47 243 κζ´.
177 205 256 233 ἀγένητος
262 208 301 234 παρ᾽
305 207 356 232 ἡμῖν
360 210 371 229 ὁ
378 208 446 238 κόσμος
455 204 548 237 δοξάζεται,
560 209 595 236 οὔτε
600 205 640 241 ἄφ-
131 210 169 235 ὔτε

131 245 204 275 θαρτος
208 245 319 278 γεγενῆσθαι
503 257 534 277 τῆς
341 245 376 275 γὰρ
385 248 443 279 αὐτὸν
446 250 497 278 παρὰ
536 246 619 282 Γραφῆς
322 251 338 271 τὲ

133 295 163 319 καὶ
169 289 311 320 φθαρήσεσθαι
319 293 483 321 μεμαθήκαμεν.
488 297 596 323 ἀριστοτέλης
602 295 623 321 δέ,

132 337 159 363 καὶ
171 333 247 357 ἀγένητον
257 331 315 358 αὐτὸν
322 330 357 360 καὶ
362 333 458 362 ἄφθαρτον
464 335 547 361 τίθεται.
556 331 629 362 πλάτων

131 377 163 404 δέ,
167 375 219 408 γενᾶ
224 369 263 401 μὲν
275 375 328 400 αὐτὸν
338 376 361 404 ἐν
364 374 391 402 τῷ
397 375 480 403 τιμαίῳ.
496 373 621 408 ἀποφαίνεται

131 416 156 439 δὲ
159 419 187 441 μὴ
193 415 331 445 φθαρήσεται
337 415 371 440 τὸν
375 413 452 446 ἅπαντα
452 417 525 443 χρόνον.
541 421 569 444 καὶ
576 423 626 445 ἐπειδὴ

130 457 225 484 ἀντίκεται
236 460 295 485 αὐτῷ,
305 461 345 484 πῶς
356 457 443 484 σύνθετος
452 456 476 482 ὢν
482 458 503 487 οὐ
509 457 631 486 φθαρήσεται.

132 504 171 526 πᾶν
177 493 209 526 γὰρ
212 498 230 523 τὸ
237 498 327 528 σύνθετον
340 500 370 527 καὶ
379 496 457 528 διαλυτόν,
469 498 572 520 διαστέλεται
578 495 632 516 λέγων

132 539 164 565 ὅτι
172 543 208 565 ὅσον
214 546 254 564 μὲν
262 546 295 566 ἐπὶ
301 543 329 565 τὴν
335 541 398 571 φύσιν,
407 540 487 571 φθαρτός
487 540 528 566 ἐστι.
536 538 588 566 σῶμα
591 533 620 565 γὰρ

130 583 148 609 οὐ
149 583 200 606 χωρεῖ
204 581 303 606 ἀϊδιότητα
325 587 370 616 ἀλλὰ
378 585 402 613 τὸ
408 581 510 613 ἄφθαρτον,
516 581 617 608 ἐπεισάκτως

135 624 186 655 παρὰ
196 623 229 649 τοῦ
229 618 270 647 θεοῦ
274 621 374 654 κομίζεται.
389 625 403 652 ὁ
408 630 431 654 δέ
429 629 450 659 γε
452 624 547 658 πρόκλος
550 626 575 656 ἐν
581 627 613 653 τοῖς

602 669 633 694 δει-
130 664 238 693 ἐξηγητικοῖς
512 669 600 702 πειρᾶται
247 670 286 694 τοῖς
289 668 335 694 πρὸς
338 663 426 693 τίμαιον
425 668 494 696 λόγοις,

514 710 535 739 ὁ
132 711 208 734 κνύναι
213 714 327 738 βιαιότερον.
342 707 380 735 ὅτι
384 710 415 736 μὴ
419 711 441 736 δὲ
444 713 510 739 γενητὸν
539 702 615 737 πλάτων

132 749 162 775 τὸν
171 748 244 778 κόσμον
253 756 323 774 οἴεται
327 744 375 782 ἀλλὰ
376 754 428 780 κατὰ
436 758 477 778 μὲν
485 755 510 775 τὸν
512 751 590 773 χρόνον,
590 743 626 781 ἀγέ-

132 792 181 814 νητον
187 790 312 820 ἀποφαίνεται.
330 795 378 820 κατὰ
383 792 406 820 δὲ
409 792 445 824 τὴν
448 794 554 821 σύνθεσιν,
562 788 636 817 ἐπινοία
