711 825
158 28 197 56 ἀπὸ
202 29 231 52 τοῦ
240 26 290 59 πυρὸς
298 27 328 51 τὴν
335 28 445 57 θερμότητα
460 34 493 62 καὶ
499 35 537 60 τὴν
544 30 642 63 ξηρότητα

160 71 191 101 καὶ
199 68 242 95 ἀπὸ
248 72 283 92 τοῦ
284 70 346 103 ἀέρος
347 69 378 95 τὴν
384 68 488 103 θερμότητα
489 75 527 103 καὶ
532 79 564 101 τὴν
573 73 647 103 ὑγρότητα

161 112 192 142 καὶ
200 109 238 135 ἀπὸ
239 113 277 133 τοῦ
284 106 351 139 ὕδατος
360 108 394 135 τὴν
403 107 490 143 ὑγρότητα
500 113 532 141 καὶ
536 118 571 141 τὴν
572 106 664 148 ψυχρότητα

161 151 194 182 καὶ
200 150 237 176 ἀπὸ
242 156 275 176 τὴς
279 150 307 178 γῆς,
313 150 351 176 τὴν
352 150 443 183 ξηρότητα
455 151 485 182 καὶ
488 153 516 178 τὴν
523 152 626 184 ψυχρότητα,
627 164 653 184 τὸ

154 191 228 226 ἐσχάτως
237 192 293 215 τούτοις
302 189 421 218 ὑπολειφθὲν
434 196 445 214 ἡ
447 191 478 215 ὕλη
489 187 541 217 ἐστί:-
552 187 594 226 Περὶ
600 198 673 225 ἰδεῶν:-

55 228 84 262 ι´.
131 234 151 278 Ἰ
209 236 258 262 κατὰ
264 231 355 261 πλάτωνα
367 230 398 259 ἐστὶ
404 231 424 267 καὶ
430 234 441 262 ἡ
504 237 533 257 τοῦ
534 230 643 267 δημιουργοῦ
155 244 198 264 δέα
451 239 503 263 πρώτη

159 273 229 302 ἔννοια
249 273 285 298 οἷον
295 273 416 302 ἀνατύπωσις
421 273 450 298 τίς
457 273 500 298 οὖσα
510 274 540 302 καὶ
545 273 657 302 διαμόρφωσις

152 319 195 343 τοῦ
200 312 358 348 δημιουργήματος.
376 319 389 341 ὁ
391 320 411 340 δὲ
414 317 470 341 αὐτὸς
475 321 523 348 ἀνήρ,
532 322 567 348 πρὸ
572 326 598 348 τοῦ
599 317 668 348 αἰσθητοῦ

159 355 232 386 κόσμου
244 357 347 389 παράδειγμα
354 353 406 389 φησὶ
411 360 532 386 συστήσασθαι
538 351 571 383 τοὺς
580 361 655 388 καθόλου

153 396 217 433 λόγους
231 413 265 432 καὶ
266 398 349 433 χωριστοὺς
358 401 396 423 τῶν
398 396 485 431 σωμάτων
502 397 534 427 οἷον
542 397 569 423 τὸν
579 400 603 423 τοῦ
604 396 648 420 ἀνθρώπου

151 442 201 474 λόγον
206 440 235 469 τὸν
242 445 329 472 καθόλου
348 441 379 472 καὶ
583 438 626 467 βοός,
391 446 422 467 τὸν
423 443 479 471 ἵππου
491 442 506 475 καὶ
512 444 539 467 τὸν
547 448 579 471 τοῦ
633 439 653 468 ἰ-

588 482 605 517 τῇ
160 486 205 507 δέαν
210 486 254 516 καλεῖ
265 486 292 512 καὶ
300 486 325 511 τὸν
332 487 354 511 ἐν
389 486 433 514 φύσει
440 486 492 516 λόγον
502 489 522 516 καὶ
609 486 660 518 ψυχῇ
559 483 578 514 ἐν
527 484 554 519 τὸν
356 484 377 514 τῇ

158 527 184 555 καὶ
191 527 216 551 τὸν
226 529 249 551 ἐν
250 529 280 555 τῷ
283 527 308 552 νοΐ.
331 529 339 549 ὁ
344 531 359 549 δε
364 532 386 558 γε
394 530 506 555 ἀριστοτέλης,
514 531 545 554 τὰ
547 535 582 554 μέν,
590 527 650 555 δέχεται

368 567 384 597 οὐ
161 571 188 592 τοῦ
193 562 287 594 Πλάτωνος
305 568 335 590 τὰ
340 566 359 594 δε,
389 565 494 595 προσίεται.
513 562 592 595 ὕπαρξιν
593 564 625 593 μὲν
626 565 654 595 γὰρ

157 606 219 634 δίδωσι
226 613 272 633 ταῖς
278 609 352 637 ἰδέαις.
362 610 382 636 οὐ
383 610 426 639 μὲν
434 609 480 638 καθ᾽
555 606 644 639 ὑφεστάναι
486 613 541 636 ἑαυτὰς

152 651 223 674 ταύτας
230 648 288 675 φησὶν
308 655 335 675 ἀλλ᾽
336 652 434 675 ἀχωρίστους
435 653 470 679 τῶν
479 649 559 678 σωμάτων
567 650 641 675 εἶναι:-

8 681 30 707 ια´.
34 686 68 716 Περὶ
106 687 147 726 Α
208 690 253 718 μὲν
259 695 275 715 ὁ
276 685 386 723 ἀριστοτέλης
397 694 416 719 δ´
418 690 518 722 δογματίζει
533 697 544 721 ὁ
569 691 640 715 πλάτων
71 691 124 715 αἰτιῶν.
546 694 566 726 δὲ
158 689 204 721 ἰτίας

148 734 178 757 ἕξ,
188 729 220 759 ἔστι
227 734 254 757 δὲ
258 732 335 757 αἰτία,
343 734 405 762 πρώτη
411 742 456 761 μέν,
468 738 479 758 ἡ
484 735 567 761 ποιητικὴ
582 727 634 758 ὥσπερ
635 733 658 752 τῆς

156 774 228 798 κλίνης
238 776 312 804 πρῶτον
322 772 393 803 αἴτιον,
401 778 417 799 ὁ
420 774 520 803 κλινοποιὸς
562 773 637 802 ποιητὴς
526 773 550 801 ὡς
