611 801
35 46 87 70 ταύτης.
99 45 149 67 ὑλικὸν
157 41 176 62 δὲ
183 32 230 60 αἴτιον
237 39 265 57 τῆς
270 36 314 60 κλίνης,
328 39 355 61 τὸ
355 36 402 66 ξύλον
415 30 457 58 ἄνευ
464 30 494 61 γὰρ

35 84 73 108 ὕλης,
85 87 99 107 οὐκ
120 89 139 108 ἂν
147 82 198 110 γένοιτο
210 75 257 100 κλίνη.
271 73 335 99 εἰδικὸν
342 74 362 98 δὲ
367 80 380 99 τὸ
385 81 434 106 σχῆμα
441 74 500 98 ταύτης

40 120 68 144 καὶ
75 123 86 142 ἡ
90 123 131 142 ἰδέα
144 121 201 142 τελικὸν
207 116 231 142 δέ,
240 118 251 138 ἡ
257 120 280 140 ἐν
281 117 329 138 ταύτη
338 117 359 136 τῷ
360 115 399 136 ἀνθρώπω
406 114 506 136 ἀνάπαυσις.

35 163 64 182 διὰ
71 159 137 183 ταύτην
144 155 169 183 γὰρ
175 159 203 180 τὴν
211 153 269 178 αἰτίαν
279 152 307 176 τὴν
318 152 379 175 κλίνην
380 148 511 175 ἐξεργαζόμεθα.

34 198 42 220 ὁ
43 203 78 224 μὲν
86 201 112 219 οὖν
122 195 214 224 ἀριστοτέλης,
220 191 259 219 τὰς
262 190 341 217 τέσσαρας
349 188 405 210 ταύτας
413 187 464 209 αἰτίας
470 185 512 211 εἶδεν.

47 237 72 262 δὲ
35 240 45 261 ὁ
155 233 222 261 ἑτέρας
233 229 265 254 δύο
268 228 365 258 προστίθησι
383 225 412 251 τὴν
420 228 505 257 ὀργανικὴν
78 233 135 259 πλάτων,

31 279 65 301 οἷον
71 271 97 297 τὸν
102 273 164 301 πρίονα
176 276 188 299 ὴ
194 273 213 294 τὸ
217 269 300 301 τέρετρον
317 274 333 293 δι᾽
339 273 359 293 ὧν
372 264 406 290 τὴν
413 267 475 290 κλίνην
483 274 505 293 ποι-

34 322 82 341 οῦμεν
104 314 134 341 καὶ
140 311 161 339 τὸ
165 312 312 341 παραδειγματικόν.
331 310 380 330 τοῦτο
388 306 408 328 δὲ
414 307 466 329 διττόν
472 308 509 329 ἐστιν

35 359 42 377 ἢ
50 355 77 381 γὰρ
82 349 149 383 ἔξωθεν
159 347 240 376 ἔκκειται
245 349 277 379 καὶ
283 347 324 379 πρὸς
331 347 387 372 ἐκεῖνο
398 346 437 371 πᾶς
438 344 514 371 τεχνίτης

35 399 75 418 ποιεῖ
76 395 96 418 τὸ
102 392 252 424 τεχνιτευόμενον,
262 396 284 415 ἢ
290 391 311 413 ἐν
312 390 337 408 τῇ
341 385 417 413 διανοίᾳ
427 385 517 412 λαμβάνει

34 434 69 458 τὴν
79 431 201 454 ἀνατύπωσιν:-
277 426 329 456 Περὶ
335 427 473 456 σωμάτων:-

556 456 583 491 ιβ´.
379 474 431 487 βάθος.
31 474 66 508 ῶμα
69 477 115 497 ἐστί,
121 474 138 494 τὸ
145 467 209 496 πλάτος
215 466 255 498 ἔχον
263 464 277 498 καὶ
283 471 337 492 μῆκος
345 464 358 497 καὶ
443 467 456 497 καὶ
463 467 484 489 ἔστι
489 467 517 488 μῆ-
7 463 34 524 Σ

399 507 418 538 εἰς
27 516 59 537 κος
69 516 102 535 μὲν
121 508 167 536 λόγου
182 507 229 536 χάριν,
238 509 260 535 τὸ
269 509 309 534 ἀπὸ
315 509 391 534 κεφαλῆς
426 506 496 528 πόδας.

33 558 92 575 πλάτος
100 547 118 571 δὲ
124 546 145 570 τὸ
155 551 196 570 ἀπὸ
199 552 265 573 δεξιὰς
266 539 320 577 χειρὸς
327 548 353 565 εἰς
354 538 382 565 τὴν
391 542 485 570 ἀριστεράν,
492 538 510 568 ἢ

499 573 524 608 τὰ
381 581 452 608 στέρνων
352 582 378 611 τῶν
37 584 53 607 τὸ
62 586 155 621 ἀνάπαλιν.
175 584 237 613 βάθος
244 584 273 610 δέ,
277 586 299 611 τὸ
300 584 341 609 ἀπὸ
461 582 493 607 ἐπὶ

383 626 426 652 βαρὺ
439 617 460 643 ἢ
466 613 540 645 κοῦφον
33 627 76 652 νῶτα
88 621 101 649 ἢ
107 623 204 646 τοὔμπαλιν.
220 624 264 652 πᾶν
270 621 290 648 δὲ
295 626 353 645 σῶμα,
362 621 377 645 ἢ

442 657 512 684 κοῦφον,
143 663 182 691 μὲν
35 659 67 685 ἐστί.
76 664 106 690 καὶ
113 665 135 687 τὸ
189 661 245 690 βαρύ,
259 663 303 690 κάτω
311 664 377 691 φέρεται
389 663 411 684 τὸ
415 661 435 682 δὲ

439 697 517 725 κούφων
388 703 431 727 μὲν
29 702 63 732 ἄνω
133 704 175 729 Τόποι
184 704 204 732 δὲ
207 698 245 734 τῶν
251 699 335 732 σωμάτων
345 698 383 730 τῶν
67 704 120 728 αἴρεται.

31 742 39 770 ὁ
47 741 78 771 ἄνω
88 744 126 777 τοῦ
127 748 189 776 παντὸς
197 747 252 776 τόπος.
263 745 301 771 τῶν
309 746 332 773 δὲ
341 741 426 771 βαρέων,
435 742 447 768 ὁ
452 741 506 763 κάτω.
