620 800
110 34 170 63 Τίνα
176 38 232 61 δεξιὰ
236 33 268 56 τοῦ
275 34 346 59 κόσμου
350 31 373 57 καὶ
376 26 420 52 τίνα
429 23 545 53 ἀριστερά:-

17 86 51 128 Τ
84 90 120 113 μὲν
129 83 148 107 ἐξ
155 79 245 106 ἀνατολῶν
255 80 304 104 πρὸς
309 75 362 104 δύσιν
373 74 432 99 ὀρῶσιν,
443 68 509 96 δεξιὰ
555 58 589 86 λγ´.
49 95 74 115 οῖς

210 120 234 140 τὰ
47 130 84 149 τοῦ
87 122 160 148 κόσμου
165 121 204 142 μέρη
241 116 301 143 βόρεια
316 113 394 139 ἀριστερὰ
402 111 419 131 δὲ
428 108 452 128 τὰ
454 107 513 133 νότια.

51 165 84 188 τοῖς
88 162 101 187 δ᾽
174 156 242 180 δύσεως
253 152 298 179 πρὸς
309 150 393 176 ἀνατολὴν
407 151 492 171 βλέπουσι,
496 145 522 165 δε-
110 157 134 185 ἀπὸ
141 152 167 183 τῆς

52 198 84 221 ξιὰ
93 195 126 216 μὲν
131 191 160 215 τὰ
164 191 214 217 νότια
227 189 300 216 ἀριστερὰ
303 189 326 217 δὲ
332 189 361 210 τὰ
362 186 420 212 βόρεια.
435 185 466 207 καὶ
476 185 518 203 ἐμ-

51 236 134 261 πρόσθια
140 235 182 255 μὲν
187 231 217 250 τοῦ
222 226 282 251 οὐρανοῦ,
294 228 319 251 τὰ
325 223 407 247 ἑσπέρια
416 220 461 247 μέρη.
476 217 525 245 πρὸς

50 274 106 300 ταῦτα
112 269 143 301 γὰρ
148 268 233 301 φέρεται
243 262 363 291 κινούμενος.
379 260 459 288 ὀπίσθια
463 256 485 289 δὲ
491 257 524 281 τὰ

54 317 102 338 ἑῶα
119 307 156 332 ἀπ᾽
229 302 263 336 γὰρ
270 304 358 334 ὥρμηται.
364 306 410 325 τίνα
411 304 441 325 δὲ
440 295 490 326 κάτω
494 296 537 322 τοῦ
158 311 220 332 ἐκείνων

154 352 194 372 τίνα
205 346 255 371 ἄνω.
112 352 151 380 καὶ
57 346 109 377 οὐρανοῦ,
262 350 284 374 οἱ
289 345 329 368 μὲν
337 337 379 374 ἄλλοι
387 344 424 372 τῶν
428 341 542 367 φιλοσόφων

55 401 74 424 τὸ
78 391 115 422 μὲν
121 388 167 423 ὑπὲρ
178 386 256 414 κεφαλῆς
264 387 322 408 ἡμῶν
330 380 458 407 ἡμισφαίριον,
469 378 518 403 ἄνω

54 431 147 460 τιθέασι
158 426 179 449 τὸ
183 424 204 449 δὲ
206 423 308 454 ἀντίθετον
321 417 373 450 κάτω.
383 419 489 447 ἀριστοτέλης
495 416 526 443 δὲ

194 460 232 490 τὸν
62 469 93 493 νῦν
99 467 143 493 μὲν
146 464 193 493 ὅλον
236 465 297 490 οὐρανὸν
309 458 350 488 ἄνω
351 455 382 488 τῆς
385 452 421 487 γῆς
425 456 544 494 ἀποφαίνεται.

55 508 91 539 νῦν
99 506 123 531 δὲ
128 510 146 532 τὸ
152 510 190 531 μὲν
197 501 239 530 ἄνω
247 503 294 529 κάτω
295 498 346 530 λέγει
352 501 374 522 τὸ
376 499 400 521 δὲ
403 500 451 525 κάτω
459 495 507 523 ἄνω

411 536 551 561 ἀποδείξεως:-
54 552 105 576 πλὴν
110 544 150 572 μετὰ
156 536 268 573 θαυμασίας
278 536 296 567 καὶ
300 537 405 566 λογιωτάτης

172 578 204 611 Εἰ
212 579 245 606 ἔστι
252 580 275 603 τὶ
278 577 341 602 ἐκτὸς
349 577 374 601 τοῦ
381 576 480 603 οὐρανοῦ:-

10 610 65 664 Δ
415 617 552 637 καταβέβλην-
151 619 197 651 δόξαι
205 621 245 646 περὶ
251 624 307 640 τούτου
317 617 352 643 παρ᾽
359 620 410 645 Ἕλλησι
570 605 612 636 λδ´.
70 622 144 651 ιάφοροι

49 668 95 692 ται.
101 666 118 692 οἱ
125 664 162 686 μὲν
171 662 199 690 γὰρ
205 660 241 687 περὶ
246 657 365 684 κλεομένην,
374 662 398 685 τὸ
405 654 453 680 κενὸν
458 652 533 681 ἐκτὸς

125 696 208 727 τιθέασι.
58 703 118 727 τοῦτου
227 694 304 723 πλάτων
310 698 339 723 δὲ
341 693 368 721 καὶ
376 698 400 716 ἐν
404 695 429 720 τῷ
432 693 529 723 φαίδρῳ

65 739 145 768 ἐξυμνεῖ
149 742 195 765 τοῦτο
200 741 218 763 δὲ
224 742 238 767 τὸ
241 741 305 775 μέρος.
313 736 345 760 καὶ
353 735 439 760 δυνάμεις
440 731 488 763 τινὰς
493 728 553 760 θείας
