650 845
122 37 197 65 κύκλου
214 38 254 60 ἐπὶ
262 35 295 63 καὶ
301 38 334 58 τοῦ
335 37 427 62 ἐπιπεδου
436 43 520 67 κύκλου,
525 48 545 64 τὸ
554 41 618 68 κέντρον

120 74 240 109 πρεσβύτερον.
259 72 319 106 ἕτεροι
327 79 351 99 δὲ
354 85 375 102 εἰς
378 81 407 102 τὰ
413 83 495 108 τέσσαρα
500 84 561 111 στοιχεῖα
567 87 594 110 καὶ
599 85 620 109 τὸ

121 120 214 150 πέμπτον
218 121 276 144 σῶμα
279 119 303 142 τὸ
307 120 392 147 αἰθέριον
405 121 435 146 τὸν
439 120 541 150 σύμπαντα
546 129 625 150 διαιροῦν-

118 166 163 190 ντες
164 164 239 189 κόσμον,
254 165 280 189 καὶ
291 165 309 182 τὸ
311 164 437 192 τετράστοιχον
445 164 489 188 ὑπὸ
496 170 526 186 τοῦ
527 167 612 193 αἰθέρος

123 204 231 226 διοικεῖσθαι
241 201 346 228 νομίζοντες.
369 203 395 225 τὸ
396 208 418 225 δὲ
430 203 509 227 κάλλιστον
513 208 551 229 τοῦ
552 207 620 238 αἰθέρος,

123 243 192 270 οὐρανός,
201 247 272 273 πρῶτον
280 240 389 276 γεγενῆσθαι
400 250 468 274 φασίν.
489 246 523 272 ὅσοι
528 249 550 272 δὲ
555 255 619 276 ἀγένητον

121 286 150 311 τὸν
159 288 237 312 κόσμον
249 292 329 317 σαφῶς
338 285 478 318 ἀπεφήναντο,
483 295 552 321 ὁμοῦ
556 297 571 316 τὸ
575 294 620 321 πᾶν

112 328 160 353 εἶναι
172 327 287 356 ἀκολούθως
301 330 374 354 ἑαυτοῖς
375 331 460 363 λέγουσι.
482 332 511 359 δεῖ
512 332 537 356 δὲ
538 332 607 363 μᾶλλον

115 367 189 394 οἴεσθαι
193 366 224 392 τὸν
231 369 291 392 οὐρανὸν
296 373 374 402 πρῶτον
379 375 499 402 γεγενῆσθαι,
507 376 532 399 ὡς
538 379 606 402 κρεῖττον

90 410 178 432 σῶμα,
201 413 234 440 καὶ
241 413 281 434 τῶν
282 409 333 441 ἄλλων
339 412 491 445 περιληπτκόν:-
499 411 538 449 Περὶ
547 409 635 445 τάξεως:-

23 453 44 472 λ´.
123 454 193 479 ναντία
201 452 248 481 πρὸς
257 454 345 481 ἀλλήλους
355 455 371 478 οἱ
377 457 415 479 τῶν
416 455 497 481 Ἑλλήνων
505 459 558 480 σοφοὶ
562 458 586 481 τὰ
590 457 622 481 μέρη
82 436 117 499 Ἐ

115 491 154 519 τοῦ
161 494 235 517 κόσμου
240 496 330 521 τιθέασι.
348 500 366 521 τὸ
374 503 393 520 δὲ
403 497 478 530 ἀληθές,
487 504 496 524 ὁ
497 502 541 527 μὲν
544 506 602 527 οὐρανός,

118 543 144 560 ὡς
156 550 186 563 καὶ
192 543 270 565 μέγιστον
282 543 347 565 σῶμα
360 551 389 568 καὶ
401 543 498 568 κυκλικόν,
501 543 547 570 καὶ
579 539 614 573 στοι-
554 539 572 576 τὰ

107 574 159 606 χεῖα
160 578 226 608 χωρεῖν
227 580 268 605 καὶ
272 578 351 612 συνέχει
358 580 478 610 δυνάμενον
498 579 557 607 ἐκτὸς
561 581 609 608 τούτων

122 615 266 650 ἐξωκοδόμειται.
300 620 335 650 ὑπὸ
357 626 382 657 τὴν
382 620 453 647 κοίλην
462 628 510 648 αὐτοῦ
511 620 606 652 ἐπιφάνει-
338 619 356 635 δὲ

122 673 146 685 αν
166 665 235 692 πρῶτον
236 662 285 689 μὲν
286 663 317 685 τὰ
328 664 411 693 ἁπλανῆ
420 671 460 690 τῶν
463 668 536 694 ἀστέρων
537 662 616 694 τετάχαται

126 715 154 731 καὶ
162 708 173 728 ὁ
178 704 277 732 ζωδιακὸς
287 713 377 730 κύκλος
384 714 438 731 εἶτα
446 712 470 733 αἱ
471 710 510 734 τῶν
511 711 620 733 πλανωμέ-

121 756 160 768 νων
168 743 238 775 ἄστρων
248 750 336 776 σφαῖραί
337 744 358 771 τε
366 748 401 776 καὶ
402 749 471 776 φοραὶ
483 744 508 772 ὧν
536 745 606 771 σελήνη
514 747 534 775 ἡ

114 787 141 817 τὸ
145 794 268 812 τελευταῖον.
276 787 325 810 ὑπὸ
331 789 354 817 δὲ
359 789 433 818 ταύτην
440 787 497 815 εὐθὺς
504 793 524 809 τὸ
530 787 620 809 ὑπέκαυμα
