672 860
39 12 79 53 καὶ
84 17 159 48 ζωτικὴν
178 24 201 46 τὸ
207 25 230 46 δὲ
236 25 294 48 νοῦν
301 23 333 50 καὶ
343 22 415 47 οὐσιώδη
429 17 446 51 καὶ
453 10 552 45 ζωτικήν,

42 73 72 102 καὶ
75 67 168 102 γνωστικήν.
190 64 269 93 Ἕκαστον
272 63 304 90 γὰρ
314 66 338 89 ὡς
346 68 454 102 προῆλθεν,
462 55 508 85 οὕτω
519 60 556 102 καὶ

40 116 173 141 ἐπέστραπται.
186 110 241 133 Τοῦτο
248 104 272 129 δὲ
275 106 296 129 τὸ
303 104 434 136 φιλοσόφημα,
438 106 467 135 καὶ
473 104 485 131 ὁ
496 108 550 134 φιλόσο-

41 170 77 189 φος
89 153 184 186 πρόκλος
196 153 224 179 ἐν
226 153 255 177 τοῖς
266 151 375 187 κεφαλαίοις
384 149 436 189 αὐτοῦ
442 146 513 174 τίθησι
523 147 560 189 καὶ

37 203 144 228 διευκρινῆ
164 197 181 228 καὶ
190 210 228 226 πρὸ
235 199 292 219 τούτου
303 199 320 221 ὁ
324 192 446 220 ἀρεοπαγίτης
453 191 556 215 διονύσιος

41 248 163 271 σαφέστερον
172 243 223 264 τοῦτο
236 237 339 267 διακριβοῖ
359 236 397 263 καὶ
400 236 441 259 ἔστιν
449 239 464 259 ὁ
465 233 512 259 λόγος
518 231 563 256 τῶν

42 293 98 318 πάνυ
110 282 282 312 σπουδαζομένων
305 279 421 314 ἀληθέστατός
422 294 443 318 τε
447 277 465 312 καὶ
473 279 564 318 ἀκριβέ-

34 336 87 357 στατος
100 326 123 354 ὤν:-
180 326 276 359 Πότερον
283 322 361 359 πλείους
371 326 388 352 οἱ
398 320 478 357 ἄγγελοι
488 320 498 349 ἢ
504 321 518 349 οἱ
529 320 592 347 ἄνθρωποι:-

43 378 123 402 λάττους
134 373 172 397 τῶν
181 372 299 401 ἀνθρώπων
312 367 366 401 κατὰ
373 371 392 394 τὸ
401 369 482 393 πλῆθος
487 367 505 386 οἱ
511 362 581 402 ἄγγελοι.
619 363 665 385 πη´.
7 346 35 443 Ἐ

42 420 109 442 Σκόπει
114 417 145 444 γὰρ
158 412 233 444 πάντες
245 419 265 438 οἱ
268 419 354 442 ἀριθμοὶ
363 414 381 435 οἱ
387 407 522 437 πλησιάζοντες
530 410 561 436 τῇ

44 457 126 493 μονάδι,
136 463 210 493 ἐλάττους
217 462 250 484 εἰσὶ
260 455 309 487 κατὰ
317 462 337 483 τὸ
347 455 408 483 ποσὸν
413 454 458 478 τῶν
459 448 574 493 πορρωτέρω

43 507 138 532 ἀριθμῶν
156 502 193 528 οἷον
200 508 213 525 ἡ
217 501 257 526 διὰς
272 500 289 531 καὶ
296 505 307 525 ἡ
311 514 363 532 τριὰς
375 501 391 529 καὶ
402 500 410 521 ἡ
416 495 499 525 τετράς,
508 495 571 526 ἐλαττό-

45 564 99 581 τεραι
108 544 139 578 εἰσὶ
144 551 177 571 τῶν
188 543 244 575 εἴκοσι
253 544 277 581 καὶ
278 544 376 577 τριάκοντα.
398 535 460 583 Ὥσπερ
468 534 503 565 οὖν
511 541 528 563 οἱ
534 537 577 573 ἐγγύ-

41 596 94 622 τεροι
106 594 140 617 τῆς
151 587 224 617 ἑνάδος
234 586 320 619 ἀριθμοὶ
335 588 410 618 ἐλάττους
415 585 465 612 εἰσίν,
477 586 493 609 οἱ
494 585 519 609 δὲ
523 595 556 610 πορ-

48 624 114 666 ρωτέρω
125 639 192 664 πλείους
206 633 260 659 οὕτως
268 635 290 663 οἱ
292 631 373 660 ἐγγύτερω
380 630 406 654 τοῦ
417 626 462 654 ἑνὸς
473 625 511 655 καὶ
512 625 567 654 μόνου

40 679 87 706 θεοῦ,
101 676 169 710 ἔλαττον
177 674 237 707 ἔχουσι
248 678 273 702 τὸ
277 676 341 703 ποσὸν
363 677 382 698 οἱ
388 678 406 699 δὲ
407 673 535 702 πορρωτέρω,
543 671 588 695 πλέ-

48 739 72 748 ων.
99 712 187 756 Ἐγγυτέρω
193 724 216 747 δὲ
219 722 257 749 τοῦ
258 719 296 750 θεοῦ,
306 718 425 756 ἀρχάγγελοι
426 720 439 754 καὶ
449 712 514 755 ἄγγελοι
527 713 562 756 καὶ

46 770 67 792 αἱ
73 768 203 796 ὑπερκείμενοι
216 770 310 792 δυνάμεις
318 764 460 792 πορρώτερω
468 767 487 786 δὲ
489 764 513 788 οἱ
519 764 557 787 ἄνθρωποι

49 808 88 838 ὥστε
97 800 162 840 πλείους
169 816 203 839 εἰσὶ
210 814 243 838 τῶν
247 813 320 846 ἀγγέλων
332 811 351 834 οἱ
358 810 396 834 ἄνθρωποι.
421 806 469 834 Ὅθεν
478 806 495 839 καὶ
499 810 513 830 οἱ
520 803 566 836 μὲν
