554 802
13 33 78 60 προέχει
93 35 138 53 πολὺ
148 35 165 51 δ᾽
166 28 184 51 ἔτι
191 29 245 51 τούτων
255 23 330 52 πρότερον
339 23 401 48 πάντων
407 19 487 45 σωμάτων

18 74 108 106 κεχώρισται
134 74 161 97 καὶ
169 74 196 98 ἐφ᾽
197 69 254 91 ἑαυτῆς
262 70 331 97 ἥδρασται
353 67 391 93 ἄνω
397 65 437 88 ποῦ
443 65 487 86 καθη-

16 120 57 141 μένῃ
64 117 101 133 τῶν
108 110 183 136 φυσικῶν
187 107 236 136 λόγων
248 115 272 129 καὶ
282 109 317 129 τῶν
326 102 451 129 σπερματικῶν
456 101 497 123 εἰπεῖν

19 157 38 180 δὲ
48 154 75 176 καὶ
83 151 133 173 αὐτοῦ
145 154 176 176 τοῦ
185 150 241 173 παντός.
261 148 275 170 Οὐ
283 147 306 172 γὰρ
316 142 347 166 ἀπὸ
352 145 379 165 τῆς
385 145 414 166 τῶν
421 140 484 166 ἀστέρων
492 139 507 167 ἀ-

12 192 92 221 πορροίας
100 191 125 210 τῷ
132 188 201 212 σώματι
209 185 299 212 περιγίνεται
321 183 354 204 οὔτε
369 184 405 203 ἀπὸ
413 183 485 207 φύσεως

10 236 33 263 εἰς
38 219 104 255 γένεσιν
112 224 170 254 ἔρχεται
197 222 230 247 οὔτε
241 220 356 250 σπερματικοὶ
362 220 403 246 λόγοι
409 220 466 255 ταύτην
471 220 496 249 εἰς

16 281 29 303 τὸ
38 274 88 297 σῶμα
97 262 232 298 ἐξακοντίζουσιν,
247 263 273 293 ἀλλ᾽
276 258 344 285 ἄνωθεν
354 260 389 283 ἀπὸ
393 260 417 289 τοῦ
419 259 457 285 θεοῦ
458 261 507 285 κάτει-

16 318 49 340 σιν.
56 307 145 339 Ἀγνοήσασα
153 306 175 328 δὲ
183 304 242 328 ἑαυτὴν
265 303 296 330 καὶ
302 301 330 331 ὅτι
337 304 360 333 τῆς
368 300 438 325 ἄνωθεν
448 300 512 332 εὐγενεί-

14 363 40 384 ας
48 353 73 384 ἐστὶ
85 352 116 374 καὶ
126 349 212 380 ἐλευθέρα
218 342 323 374 καθέστηκε,
334 341 460 366 δουλοπρεπῶς
466 340 509 367 θη-

11 391 50 414 τεύει
59 392 86 416 τῷ
92 391 149 414 σώματι
165 392 205 414 καὶ
215 390 241 414 τὴν
249 383 350 415 ἐλευθερίαν
360 379 437 404 ἀπόλυσι
455 378 485 406 καὶ
489 380 500 398 ὁ

22 429 75 456 μέγας
88 417 140 451 αὐτῆς
146 426 234 456 ὀφθαλμὸς
240 424 287 449 ὑπὸ
295 425 321 445 τοῦ
328 424 403 454 φυσικοῦ
412 418 507 456 καλύμματος

10 476 142 491 καταχώννυται
147 469 157 490 ἢ
168 464 306 492 ἀποσβέννυται.
337 461 353 488 Ὁ
354 459 387 484 μὲν
392 458 477 482 θεολόγος
478 463 517 482 μέ-

18 515 51 536 γας
53 514 137 537 γρηγόριος,
148 508 222 536 ἀσαφής
228 505 257 530 ἐστι
266 503 297 535 περὶ
308 507 348 538 τοῦτο
355 501 374 532 τὸ
378 503 425 530 μέρος
442 509 469 538 καὶ
474 502 499 522 οὐκ
500 497 518 522 ἂν

26 549 66 572 αὐτὸν
78 540 144 574 ῥαδίως
153 545 201 574 εὕροις
213 542 266 569 ταύτη
276 546 287 569 ἢ
293 549 347 563 ἐκείνη
358 540 504 574 προσκείμενον

24 593 52 616 τῶν
61 576 113 616 δοξῶν.
134 592 144 611 Ὁ
149 581 171 610 δὲ
172 576 233 613 μέγας
241 587 270 608 καὶ
275 579 321 606 θεῖος
327 576 406 608 γρηγόριος
415 578 424 599 ὁ
425 576 505 616 νυσαεὺς

26 645 53 655 καὶ
60 638 68 654 ὁ
81 631 119 654 πολὺς
131 631 165 651 τὴν
174 622 278 655 ὁμολογίαν
279 621 367 652 μάξιμος
379 630 409 647 καὶ
413 618 441 641 τὴν
447 620 497 655 φιλο-

29 672 94 693 σοφίαν
114 667 149 692 oὔτε
157 662 295 694 πρεσβυτέραν
301 662 333 686 τὴν
339 662 390 692 ψυχὴν
399 659 429 678 τοῦ
430 657 508 679 σώματος

29 713 62 732 οὔτε
68 701 207 730 μεταγενεστέραν
323 702 356 729 ἀλλ᾽
357 699 402 722 ὁμοῦ
403 699 434 722 τῇ
440 700 524 723 καταβο-
213 706 303 726 τιθέασιν

29 748 55 770 λῇ
61 744 91 770 τοῦ
102 746 198 770 σπέρματος
205 740 299 767 ἐπιτηδείου
307 742 347 769 πρὸς
358 745 446 766 υποδοχὴν
448 736 509 768 ψυχῆς
