<?xml version="1.0" encoding="utf-8"?>
<PcGts xmlns:xsd="http://www.w3.org/2001/XMLSchema" xmlns:xsi="http://www.w3.org/2001/XMLSchema-instance" xmlns="http://schema.primaresearch.org/PAGE/gts/pagecontent/2013-07-15">
  <Metadata>
    <Creator>Transpro</Creator>
    <Created>2019-10-16T21:00:00Z</Created>
    <LastChange>0001-01-01T00:00:00</LastChange>
  </Metadata>
  <Page imageFilename="6791 (42).png" imageWidth="672" imageHeight="851">
    <TextRegion id="r0">
      <Coords points="6,25 652,25 652,815 6,815" />
      <TextLine id="r0l0">
        <Coords points="46,25 581,25 581,62 46,62" />
        <Word id="r0l0w2">
          <Coords points="46,33 84,33 84,60 46,60" />
          <TextEquiv>
            <Unicode>Περὶ</Unicode>
          </TextEquiv>
        </Word>
        <Word id="r0l0w3">
          <Coords points="96,29 136,29 136,53 96,53" />
          <TextEquiv>
            <Unicode>ὑετοῦ</Unicode>
          </TextEquiv>
        </Word>
        <Word id="r0l0w4">
          <Coords points="148,27 160,27 160,61 148,61" />
          <TextEquiv>
            <Unicode>καὶ</Unicode>
          </TextEquiv>
        </Word>
        <Word id="r0l0w5">
          <Coords points="246,26 307,26 307,62 246,62" />
          <TextEquiv>
            <Unicode>χιόνος</Unicode>
          </TextEquiv>
        </Word>
        <Word id="r0l0w6">
          <Coords points="323,28 396,28 396,58 323,58" />
          <TextEquiv>
            <Unicode>πάχνης</Unicode>
          </TextEquiv>
        </Word>
        <Word id="r0l0w7">
          <Coords points="405,30 441,30 441,55 405,55" />
          <TextEquiv>
            <Unicode>καὶ</Unicode>
          </TextEquiv>
        </Word>
        <Word id="r0l0w9">
          <Coords points="451,26 581,26 581,59 451,59" />
          <TextEquiv>
            <Unicode>δρόσου:-</Unicode>
          </TextEquiv>
        </Word>
        <Word id="r0l0w155">
          <Coords points="167,25 242,25 242,61 167,61" />
          <TextEquiv>
            <Unicode>χαλάζης</Unicode>
          </TextEquiv>
        </Word>
        <TextEquiv>
          <Unicode>Περὶ ὑετοῦ καὶ χαλάζης χιόνος πάχνης καὶ δρόσου:-</Unicode>
        </TextEquiv>
      </TextLine>
      <TextLine id="r0l1">
        <Coords points="6,68 638,68 638,107 6,107" />
        <Word id="r0l1w156">
          <Coords points="455,78 479,78 479,101 455,101" />
          <TextEquiv>
            <Unicode>δὲ</Unicode>
          </TextEquiv>
        </Word>
        <Word id="r0l1w10">
          <Coords points="6,77 61,77 61,107 6,107" />
          <TextEquiv>
            <Unicode>νδ´.</Unicode>
          </TextEquiv>
        </Word>
        <Word id="r0l1w11">
          <Coords points="66,72 121,72 121,119 66,119" />
          <TextEquiv>
            <Unicode>Κ</Unicode>
          </TextEquiv>
        </Word>
        <Word id="r0l1w12">
          <Coords points="211,80 257,80 257,101 211,101" />
          <TextEquiv>
            <Unicode>μὲν</Unicode>
          </TextEquiv>
        </Word>
        <Word id="r0l1w13">
          <Coords points="271,70 307,70 307,100 271,100" />
          <TextEquiv>
            <Unicode>καὶ</Unicode>
          </TextEquiv>
        </Word>
        <Word id="r0l1w14">
          <Coords points="317,68 403,68 403,106 317,106" />
          <TextEquiv>
            <Unicode>γαλαξίας</Unicode>
          </TextEquiv>
        </Word>
        <Word id="r0l1w15">
          <Coords points="416,71 454,71 454,102 416,102" />
          <TextEquiv>
            <Unicode>ἔστι</Unicode>
          </TextEquiv>
        </Word>
        <Word id="r0l1w16">
          <Coords points="483,75 514,75 514,98 483,98" />
          <TextEquiv>
            <Unicode>καὶ</Unicode>
          </TextEquiv>
        </Word>
        <Word id="r0l1w17">
          <Coords points="523,72 608,72 608,98 523,98" />
          <TextEquiv>
            <Unicode>δοκίδες</Unicode>
          </TextEquiv>
        </Word>
        <Word id="r0l1w18">
          <Coords points="614,72 638,72 638,105 614,105" />
          <TextEquiv>
            <Unicode>καὶ</Unicode>
          </TextEquiv>
        </Word>
        <Word id="r0l1w165">
          <Coords points="134,75 201,75 201,102 134,102" />
          <TextEquiv>
            <Unicode>ομῆται</Unicode>
          </TextEquiv>
        </Word>
        <TextEquiv>
          <Unicode>νδ´.  Κ   ομῆται μὲν καὶ γαλαξίας ἔστι δὲ καὶ δοκίδες καὶ</Unicode>
        </TextEquiv>
      </TextLine>
      <TextLine id="r0l2">
        <Coords points="127,113 648,113 648,146 127,146" />
        <Word id="r0l2w19">
          <Coords points="127,120 234,120 234,144 127,144" />
          <TextEquiv>
            <Unicode>διάττοντες</Unicode>
          </TextEquiv>
        </Word>
        <Word id="r0l2w20">
          <Coords points="310,113 356,113 356,141 310,141" />
          <TextEquiv>
            <Unicode>ἄλλα</Unicode>
          </TextEquiv>
        </Word>
        <Word id="r0l2w21">
          <Coords points="246,119 280,119 280,140 246,140" />
          <TextEquiv>
            <Unicode>καὶ</Unicode>
          </TextEquiv>
        </Word>
        <Word id="r0l2w22">
          <Coords points="290,115 307,115 307,136 290,136" />
          <TextEquiv>
            <Unicode>τ᾽</Unicode>
          </TextEquiv>
        </Word>
        <Word id="r0l2w23">
          <Coords points="360,117 386,117 386,137 360,137" />
          <TextEquiv>
            <Unicode>τὰ</Unicode>
          </TextEquiv>
        </Word>
        <Word id="r0l2w24">
          <Coords points="397,118 493,118 493,142 397,142" />
          <TextEquiv>
            <Unicode>εἰρημένα,</Unicode>
          </TextEquiv>
        </Word>
        <Word id="r0l2w25">
          <Coords points="513,115 536,115 536,141 513,141" />
          <TextEquiv>
            <Unicode>ἐν</Unicode>
          </TextEquiv>
        </Word>
        <Word id="r0l2w26">
          <Coords points="541,117 564,117 564,146 541,146" />
          <TextEquiv>
            <Unicode>τῇ</Unicode>
          </TextEquiv>
        </Word>
        <Word id="r0l2w27">
          <Coords points="569,116 648,116 648,140 569,140" />
          <TextEquiv>
            <Unicode>καπνώ-</Unicode>
          </TextEquiv>
        </Word>
        <TextEquiv>
          <Unicode>διάττοντες καὶ τ᾽ ἄλλα τὰ εἰρημένα, ἐν τῇ καπνώ-</Unicode>
        </TextEquiv>
      </TextLine>
      <TextLine id="r0l3">
        <Coords points="128,148 650,148 650,190 128,190" />
        <Word id="r0l3w28">
          <Coords points="128,161 150,161 150,181 128,181" />
          <TextEquiv>
            <Unicode>δει</Unicode>
          </TextEquiv>
        </Word>
        <Word id="r0l3w29">
          <Coords points="158,154 238,154 238,189 158,189" />
          <TextEquiv>
            <Unicode>γίνονται</Unicode>
          </TextEquiv>
        </Word>
        <Word id="r0l3w30">
          <Coords points="247,148 390,148 390,182 247,182" />
          <TextEquiv>
            <Unicode>ἀναθυμιάσει.</Unicode>
          </TextEquiv>
        </Word>
        <Word id="r0l3w31">
          <Coords points="415,159 447,159 447,181 415,181" />
          <TextEquiv>
            <Unicode>καὶ</Unicode>
          </TextEquiv>
        </Word>
        <Word id="r0l3w32">
          <Coords points="453,153 499,153 499,185 453,185" />
          <TextEquiv>
            <Unicode>ὑετὸς</Unicode>
          </TextEquiv>
        </Word>
        <Word id="r0l3w34">
          <Coords points="536,156 564,156 564,187 536,187" />
          <TextEquiv>
            <Unicode>καὶ</Unicode>
          </TextEquiv>
        </Word>
        <Word id="r0l3w157">
          <Coords points="571,162 650,162 650,190 571,190" />
          <TextEquiv>
            <Unicode>χάλαζα,</Unicode>
          </TextEquiv>
        </Word>
        <TextEquiv>
          <Unicode>δει γίνονται ἀναθυμιάσει. καὶ ὑετὸς καὶ χάλαζα,</Unicode>
        </TextEquiv>
      </TextLine>
      <TextLine id="r0l4">
        <Coords points="129,194 649,194 649,230 129,230" />
        <Word id="r0l4w35">
          <Coords points="129,197 163,197 163,223 129,223" />
          <TextEquiv>
            <Unicode>καὶ</Unicode>
          </TextEquiv>
        </Word>
        <Word id="r0l4w36">
          <Coords points="169,196 221,196 221,227 169,227" />
          <TextEquiv>
            <Unicode>χιὼν</Unicode>
          </TextEquiv>
        </Word>
        <Word id="r0l4w37">
          <Coords points="230,196 264,196 264,223 230,223" />
          <TextEquiv>
            <Unicode>καὶ</Unicode>
          </TextEquiv>
        </Word>
        <Word id="r0l4w38">
          <Coords points="266,195 341,195 341,225 266,225" />
          <TextEquiv>
            <Unicode>πάχνη</Unicode>
          </TextEquiv>
        </Word>
        <Word id="r0l4w39">
          <Coords points="351,196 388,196 388,225 351,225" />
          <TextEquiv>
            <Unicode>καὶ</Unicode>
          </TextEquiv>
        </Word>
        <Word id="r0l4w40">
          <Coords points="390,199 468,199 468,228 390,228" />
          <TextEquiv>
            <Unicode>δρόσος,</Unicode>
          </TextEquiv>
        </Word>
        <Word id="r0l4w41">
          <Coords points="481,196 504,196 504,228 481,228" />
          <TextEquiv>
            <Unicode>ἐν</Unicode>
          </TextEquiv>
        </Word>
        <Word id="r0l4w42">
          <Coords points="508,194 533,194 533,229 508,229" />
          <TextEquiv>
            <Unicode>τῇ</Unicode>
          </TextEquiv>
        </Word>
        <Word id="r0l4w43">
          <Coords points="540,201 649,201 649,230 540,230" />
          <TextEquiv>
            <Unicode>ἀτμιδόδει</Unicode>
          </TextEquiv>
        </Word>
        <TextEquiv>
          <Unicode>καὶ χιὼν καὶ πάχνη καὶ δρόσος, ἐν τῇ ἀτμιδόδει</Unicode>
        </TextEquiv>
      </TextLine>
      <TextLine id="r0l5">
        <Coords points="128,234 637,234 637,268 128,268" />
        <Word id="r0l5w44">
          <Coords points="128,234 224,234 224,268 128,268" />
          <TextEquiv>
            <Unicode>ἀναφορὰ</Unicode>
          </TextEquiv>
        </Word>
        <Word id="r0l5w45">
          <Coords points="239,236 282,236 282,263 239,263" />
          <TextEquiv>
            <Unicode>ἥτις</Unicode>
          </TextEquiv>
        </Word>
        <Word id="r0l5w46">
          <Coords points="291,238 347,238 347,263 291,263" />
          <TextEquiv>
            <Unicode>μετὰ</Unicode>
          </TextEquiv>
        </Word>
        <Word id="r0l5w47">
          <Coords points="357,238 396,238 396,260 357,260" />
          <TextEquiv>
            <Unicode>τὴν</Unicode>
          </TextEquiv>
        </Word>
        <Word id="r0l5w48">
          <Coords points="517,236 637,236 637,268 517,268" />
          <TextEquiv>
            <Unicode>διακέχυται</Unicode>
          </TextEquiv>
        </Word>
        <Word id="r0l5w158">
          <Coords points="404,241 501,241 501,265 404,265" />
          <TextEquiv>
            <Unicode>καπνῶδη</Unicode>
          </TextEquiv>
        </Word>
        <TextEquiv>
          <Unicode>ἀναφορὰ ἥτις μετὰ τὴν καπνῶδη διακέχυται</Unicode>
        </TextEquiv>
      </TextLine>
      <TextLine id="r0l6">
        <Coords points="127,276 644,276 644,313 127,313" />
        <Word id="r0l6w50">
          <Coords points="127,276 189,276 189,313 127,313" />
          <TextEquiv>
            <Unicode>ὑγρὰν</Unicode>
          </TextEquiv>
        </Word>
        <Word id="r0l6w51">
          <Coords points="193,277 230,277 230,305 193,305" />
          <TextEquiv>
            <Unicode>τὴν</Unicode>
          </TextEquiv>
        </Word>
        <Word id="r0l6w52">
          <Coords points="237,280 301,280 301,313 237,313" />
          <TextEquiv>
            <Unicode>φύσιν</Unicode>
          </TextEquiv>
        </Word>
        <Word id="r0l6w53">
          <Coords points="312,280 345,280 345,304 312,304" />
          <TextEquiv>
            <Unicode>ἐκ</Unicode>
          </TextEquiv>
        </Word>
        <Word id="r0l6w54">
          <Coords points="352,285 383,285 383,307 352,307" />
          <TextEquiv>
            <Unicode>τῆς</Unicode>
          </TextEquiv>
        </Word>
        <Word id="r0l6w55">
          <Coords points="393,279 417,279 417,305 393,305" />
          <TextEquiv>
            <Unicode>γῆς</Unicode>
          </TextEquiv>
        </Word>
        <Word id="r0l6w56">
          <Coords points="432,284 465,284 465,309 432,309" />
          <TextEquiv>
            <Unicode>καὶ</Unicode>
          </TextEquiv>
        </Word>
        <Word id="r0l6w57">
          <Coords points="478,276 526,276 526,307 478,307" />
          <TextEquiv>
            <Unicode>αὕτη</Unicode>
          </TextEquiv>
        </Word>
        <Word id="r0l6w58">
          <Coords points="537,286 644,286 644,313 537,313" />
          <TextEquiv>
            <Unicode>ἀναφερο-</Unicode>
          </TextEquiv>
        </Word>
        <TextEquiv>
          <Unicode>ὑγρὰν τὴν φύσιν ἐκ τῆς γῆς καὶ αὕτη ἀναφερο-</Unicode>
        </TextEquiv>
      </TextLine>
      <TextLine id="r0l7">
        <Coords points="126,316 642,316 642,352 126,352" />
        <Word id="r0l7w59">
          <Coords points="126,324 180,324 180,348 126,348" />
          <TextEquiv>
            <Unicode>μένη.</Unicode>
          </TextEquiv>
        </Word>
        <Word id="r0l7w60">
          <Coords points="208,316 250,316 250,343 208,343" />
          <TextEquiv>
            <Unicode>αὕτη</Unicode>
          </TextEquiv>
        </Word>
        <Word id="r0l7w61">
          <Coords points="260,318 294,318 294,349 260,349" />
          <TextEquiv>
            <Unicode>γὰρ</Unicode>
          </TextEquiv>
        </Word>
        <Word id="r0l7w62">
          <Coords points="303,324 317,324 317,345 303,345" />
          <TextEquiv>
            <Unicode>ἡ</Unicode>
          </TextEquiv>
        </Word>
        <Word id="r0l7w63">
          <Coords points="322,322 437,322 437,346 322,346" />
          <TextEquiv>
            <Unicode>ἀτμιδώδης</Unicode>
          </TextEquiv>
        </Word>
        <Word id="r0l7w64">
          <Coords points="450,324 590,324 590,349 450,349" />
          <TextEquiv>
            <Unicode>ἀναθυμίασις,</Unicode>
          </TextEquiv>
        </Word>
        <Word id="r0l7w65">
          <Coords points="603,324 611,324 611,345 603,345" />
          <TextEquiv>
            <Unicode>ἢ</Unicode>
          </TextEquiv>
        </Word>
        <Word id="r0l7w66">
          <Coords points="616,324 642,324 642,352 616,352" />
          <TextEquiv>
            <Unicode>ὑ-</Unicode>
          </TextEquiv>
        </Word>
        <TextEquiv>
          <Unicode>μένη. αὕτη γὰρ ἡ ἀτμιδώδης ἀναθυμίασις, ἢ ὑ-</Unicode>
        </TextEquiv>
      </TextLine>
      <TextLine id="r0l8">
        <Coords points="130,356 644,356 644,399 130,399" />
        <Word id="r0l8w67">
          <Coords points="130,356 164,356 164,393 130,393" />
          <TextEquiv>
            <Unicode>γρὰ</Unicode>
          </TextEquiv>
        </Word>
        <Word id="r0l8w68">
          <Coords points="175,365 205,365 205,389 175,389" />
          <TextEquiv>
            <Unicode>καὶ</Unicode>
          </TextEquiv>
        </Word>
        <Word id="r0l8w69">
          <Coords points="209,369 281,369 281,394 209,394" />
          <TextEquiv>
            <Unicode>θερμὴ</Unicode>
          </TextEquiv>
        </Word>
        <Word id="r0l8w70">
          <Coords points="293,357 307,357 307,399 293,399" />
          <TextEquiv>
            <Unicode>ἢ</Unicode>
          </TextEquiv>
        </Word>
        <Word id="r0l8w71">
          <Coords points="312,358 415,358 415,393 312,393" />
          <TextEquiv>
            <Unicode>ἀλλοιοῦται</Unicode>
          </TextEquiv>
        </Word>
        <Word id="r0l8w72">
          <Coords points="425,366 457,366 457,389 425,389" />
          <TextEquiv>
            <Unicode>καὶ</Unicode>
          </TextEquiv>
        </Word>
        <Word id="r0l8w73">
          <Coords points="461,366 602,366 602,391 461,391" />
          <TextEquiv>
            <Unicode>μεταβάλλεται</Unicode>
          </TextEquiv>
        </Word>
        <Word id="r0l8w74">
          <Coords points="611,365 644,365 644,393 611,393" />
          <TextEquiv>
            <Unicode>εἰς</Unicode>
          </TextEquiv>
        </Word>
        <TextEquiv>
          <Unicode>γρὰ καὶ θερμὴ ἢ ἀλλοιοῦται καὶ μεταβάλλεται εἰς</Unicode>
        </TextEquiv>
      </TextLine>
      <TextLine id="r0l9">
        <Coords points="129,400 632,400 632,432 129,432" />
        <Word id="r0l9w75">
          <Coords points="129,407 188,407 188,432 129,432" />
          <TextEquiv>
            <Unicode>ὕδωρ.</Unicode>
          </TextEquiv>
        </Word>
        <Word id="r0l9w76">
          <Coords points="213,416 244,416 244,432 213,432" />
          <TextEquiv>
            <Unicode>καὶ</Unicode>
          </TextEquiv>
        </Word>
        <Word id="r0l9w77">
          <Coords points="250,410 266,410 266,430 250,430" />
          <TextEquiv>
            <Unicode>εἰ</Unicode>
          </TextEquiv>
        </Word>
        <Word id="r0l9w78">
          <Coords points="269,405 310,405 310,431 269,431" />
          <TextEquiv>
            <Unicode>μὲν</Unicode>
          </TextEquiv>
        </Word>
        <Word id="r0l9w79">
          <Coords points="322,407 448,407 448,432 322,432" />
          <TextEquiv>
            <Unicode>λαβρότερον</Unicode>
          </TextEquiv>
        </Word>
        <Word id="r0l9w80">
          <Coords points="462,409 554,409 554,432 462,432" />
          <TextEquiv>
            <Unicode>κατέλθη</Unicode>
          </TextEquiv>
        </Word>
        <Word id="r0l9w81">
          <Coords points="562,400 632,400 632,425 562,425" />
          <TextEquiv>
            <Unicode>ὑετὸν</Unicode>
          </TextEquiv>
        </Word>
        <TextEquiv>
          <Unicode>ὕδωρ. καὶ εἰ μὲν λαβρότερον κατέλθη ὑετὸν</Unicode>
        </TextEquiv>
      </TextLine>
      <TextLine id="r0l10">
        <Coords points="131,445 648,445 648,481 131,481" />
        <Word id="r0l10w82">
          <Coords points="131,446 182,446 182,471 131,471" />
          <TextEquiv>
            <Unicode>ποιεῖ.</Unicode>
          </TextEquiv>
        </Word>
        <Word id="r0l10w83">
          <Coords points="197,451 208,451 208,470 197,470" />
          <TextEquiv>
            <Unicode>εἰ</Unicode>
          </TextEquiv>
        </Word>
        <Word id="r0l10w84">
          <Coords points="212,448 235,448 235,469 212,469" />
          <TextEquiv>
            <Unicode>δὲ</Unicode>
          </TextEquiv>
        </Word>
        <Word id="r0l10w85">
          <Coords points="242,448 294,448 294,474 242,474" />
          <TextEquiv>
            <Unicode>κατὰ</Unicode>
          </TextEquiv>
        </Word>
        <Word id="r0l10w86">
          <Coords points="302,451 363,451 363,476 302,476" />
          <TextEquiv>
            <Unicode>μέρος</Unicode>
          </TextEquiv>
        </Word>
        <Word id="r0l10w87">
          <Coords points="376,450 451,450 451,481 376,481" />
          <TextEquiv>
            <Unicode>ἐνεχθῆ,</Unicode>
          </TextEquiv>
        </Word>
        <Word id="r0l10w88">
          <Coords points="468,448 554,448 554,475 468,475" />
          <TextEquiv>
            <Unicode>ψεκάδα</Unicode>
          </TextEquiv>
        </Word>
        <Word id="r0l10w89">
          <Coords points="569,445 581,445 581,467 569,467" />
          <TextEquiv>
            <Unicode>ἢ</Unicode>
          </TextEquiv>
        </Word>
        <Word id="r0l10w90">
          <Coords points="586,445 648,445 648,476 586,476" />
          <TextEquiv>
            <Unicode>πήγνυ-</Unicode>
          </TextEquiv>
        </Word>
        <TextEquiv>
          <Unicode>ποιεῖ. εἰ δὲ κατὰ μέρος ἐνεχθῆ, ψεκάδα ἢ πήγνυ-</Unicode>
        </TextEquiv>
      </TextLine>
      <TextLine id="r0l11">
        <Coords points="127,487 645,487 645,523 127,523" />
        <Word id="r0l11w91">
          <Coords points="127,495 160,495 160,514 127,514" />
          <TextEquiv>
            <Unicode>ται</Unicode>
          </TextEquiv>
        </Word>
        <Word id="r0l11w92">
          <Coords points="168,487 227,487 227,516 168,516" />
          <TextEquiv>
            <Unicode>μόνον</Unicode>
          </TextEquiv>
        </Word>
        <Word id="r0l11w93">
          <Coords points="239,502 270,502 270,517 239,517" />
          <TextEquiv>
            <Unicode>καὶ</Unicode>
          </TextEquiv>
        </Word>
        <Word id="r0l11w94">
          <Coords points="276,489 317,489 317,520 276,520" />
          <TextEquiv>
            <Unicode>ποιεῖ</Unicode>
          </TextEquiv>
        </Word>
        <Word id="r0l11w95">
          <Coords points="325,489 388,489 388,519 325,519" />
          <TextEquiv>
            <Unicode>χιόνα</Unicode>
          </TextEquiv>
        </Word>
        <Word id="r0l11w96">
          <Coords points="414,489 426,489 426,513 414,513" />
          <TextEquiv>
            <Unicode>ἢ</Unicode>
          </TextEquiv>
        </Word>
        <Word id="r0l11w97">
          <Coords points="434,487 572,487 572,523 434,523" />
          <TextEquiv>
            <Unicode>μεταβάλλεται</Unicode>
          </TextEquiv>
        </Word>
        <Word id="r0l11w98">
          <Coords points="579,489 645,489 645,520 579,520" />
          <TextEquiv>
            <Unicode>πρό-</Unicode>
          </TextEquiv>
        </Word>
        <TextEquiv>
          <Unicode>ται μόνον καὶ ποιεῖ χιόνα ἢ μεταβάλλεται πρό-</Unicode>
        </TextEquiv>
      </TextLine>
      <TextLine id="r0l12">
        <Coords points="129,528 628,528 628,562 129,562" />
        <Word id="r0l12w99">
          <Coords points="129,537 197,537 197,561 129,561" />
          <TextEquiv>
            <Unicode>τερον,</Unicode>
          </TextEquiv>
        </Word>
        <Word id="r0l12w100">
          <Coords points="212,537 247,537 247,557 212,557" />
          <TextEquiv>
            <Unicode>εἰθ᾽</Unicode>
          </TextEquiv>
        </Word>
        <Word id="r0l12w101">
          <Coords points="250,529 300,529 300,558 250,558" />
          <TextEquiv>
            <Unicode>οὕτως</Unicode>
          </TextEquiv>
        </Word>
        <Word id="r0l12w102">
          <Coords points="312,528 418,528 418,559 312,559" />
          <TextEquiv>
            <Unicode>πήγνυται</Unicode>
          </TextEquiv>
        </Word>
        <Word id="r0l12w159">
          <Coords points="539,531 628,531 628,561 539,561" />
          <TextEquiv>
            <Unicode>χάλαζα.</Unicode>
          </TextEquiv>
        </Word>
        <Word id="r0l12w104">
          <Coords points="431,534 468,534 468,562 431,562" />
          <TextEquiv>
            <Unicode>καὶ</Unicode>
          </TextEquiv>
        </Word>
        <Word id="r0l12w105">
          <Coords points="474,531 533,531 533,562 474,562" />
          <TextEquiv>
            <Unicode>γίνεται</Unicode>
          </TextEquiv>
        </Word>
        <TextEquiv>
          <Unicode>τερον, εἰθ᾽ οὕτως πήγνυται καὶ γίνεται χάλαζα.</Unicode>
        </TextEquiv>
      </TextLine>
      <TextLine id="r0l13">
        <Coords points="115,564 628,564 628,603 115,603" />
        <Word id="r0l13w160">
          <Coords points="201,572 237,572 237,601 201,601" />
          <TextEquiv>
            <Unicode>οὖν</Unicode>
          </TextEquiv>
        </Word>
        <Word id="r0l13w106">
          <Coords points="115,568 146,568 146,603 115,603" />
          <TextEquiv>
            <Unicode>εἴ</Unicode>
          </TextEquiv>
        </Word>
        <Word id="r0l13w107">
          <Coords points="152,570 190,570 190,599 152,599" />
          <TextEquiv>
            <Unicode>μὲν</Unicode>
          </TextEquiv>
        </Word>
        <Word id="r0l13w108">
          <Coords points="246,573 289,573 289,598 246,598" />
          <TextEquiv>
            <Unicode>ἄνω</Unicode>
          </TextEquiv>
        </Word>
        <Word id="r0l13w110">
          <Coords points="302,573 403,573 403,599 302,599" />
          <TextEquiv>
            <Unicode>κουφισθῆ</Unicode>
          </TextEquiv>
        </Word>
        <Word id="r0l13w111">
          <Coords points="413,574 427,574 427,599 413,599" />
          <TextEquiv>
            <Unicode>ἡ</Unicode>
          </TextEquiv>
        </Word>
        <Word id="r0l13w112">
          <Coords points="433,571 503,571 503,598 433,598" />
          <TextEquiv>
            <Unicode>ἀτμίς,</Unicode>
          </TextEquiv>
        </Word>
        <Word id="r0l13w113">
          <Coords points="510,575 569,575 569,597 510,597" />
          <TextEquiv>
            <Unicode>ταῦτα</Unicode>
          </TextEquiv>
        </Word>
        <Word id="r0l13w114">
          <Coords points="577,564 628,564 628,599 577,599" />
          <TextEquiv>
            <Unicode>ποιεῖ.</Unicode>
          </TextEquiv>
        </Word>
        <TextEquiv>
          <Unicode>εἴ μὲν οὖν ἄνω κουφισθῆ ἡ ἀτμίς, ταῦτα ποιεῖ.</Unicode>
        </TextEquiv>
      </TextLine>
      <TextLine id="r0l14">
        <Coords points="126,609 630,609 630,645 126,645" />
        <Word id="r0l14w115">
          <Coords points="126,618 143,618 143,645 126,645" />
          <TextEquiv>
            <Unicode>εἰ</Unicode>
          </TextEquiv>
        </Word>
        <Word id="r0l14w116">
          <Coords points="149,613 170,613 170,637 149,637" />
          <TextEquiv>
            <Unicode>δὲ</Unicode>
          </TextEquiv>
        </Word>
        <Word id="r0l14w117">
          <Coords points="179,625 201,625 201,638 179,638" />
          <TextEquiv>
            <Unicode>ἐν</Unicode>
          </TextEquiv>
        </Word>
        <Word id="r0l14w118">
          <Coords points="207,616 236,616 236,635 207,635" />
          <TextEquiv>
            <Unicode>τῷ</Unicode>
          </TextEquiv>
        </Word>
        <Word id="r0l14w119">
          <Coords points="242,614 321,614 321,641 242,641" />
          <TextEquiv>
            <Unicode>περιγείω</Unicode>
          </TextEquiv>
        </Word>
        <Word id="r0l14w120">
          <Coords points="332,613 375,613 375,638 332,638" />
          <TextEquiv>
            <Unicode>σταίη</Unicode>
          </TextEquiv>
        </Word>
        <Word id="r0l14w121">
          <Coords points="384,612 443,612 443,642 384,642" />
          <TextEquiv>
            <Unicode>ἀέρι,</Unicode>
          </TextEquiv>
        </Word>
        <Word id="r0l14w122">
          <Coords points="454,609 465,609 465,637 454,637" />
          <TextEquiv>
            <Unicode>ἢ</Unicode>
          </TextEquiv>
        </Word>
        <Word id="r0l14w123">
          <Coords points="472,613 601,613 601,642 472,642" />
          <TextEquiv>
            <Unicode>μεταβάλλεται</Unicode>
          </TextEquiv>
        </Word>
        <Word id="r0l14w124">
          <Coords points="613,613 630,613 630,640 613,640" />
          <TextEquiv>
            <Unicode>καὶ</Unicode>
          </TextEquiv>
        </Word>
        <TextEquiv>
          <Unicode>εἰ δὲ ἐν τῷ περιγείω σταίη ἀέρι, ἢ μεταβάλλεται καὶ</Unicode>
        </TextEquiv>
      </TextLine>
      <TextLine id="r0l15">
        <Coords points="134,648 633,648 633,687 134,687" />
        <Word id="r0l15w125">
          <Coords points="134,657 179,657 179,686 134,686" />
          <TextEquiv>
            <Unicode>ποιεῖ</Unicode>
          </TextEquiv>
        </Word>
        <Word id="r0l15w126">
          <Coords points="185,657 256,657 256,687 185,687" />
          <TextEquiv>
            <Unicode>δρόσον,</Unicode>
          </TextEquiv>
        </Word>
        <Word id="r0l15w162">
          <Coords points="609,656 633,656 633,682 609,682" />
          <TextEquiv>
            <Unicode>δὲ</Unicode>
          </TextEquiv>
        </Word>
        <Word id="r0l15w128">
          <Coords points="269,652 282,652 282,685 269,685" />
          <TextEquiv>
            <Unicode>ἢ</Unicode>
          </TextEquiv>
        </Word>
        <Word id="r0l15w129">
          <Coords points="292,657 379,657 379,683 292,683" />
          <TextEquiv>
            <Unicode>πήγνυται</Unicode>
          </TextEquiv>
        </Word>
        <Word id="r0l15w130">
          <Coords points="398,653 412,653 412,685 398,685" />
          <TextEquiv>
            <Unicode>καὶ</Unicode>
          </TextEquiv>
        </Word>
        <Word id="r0l15w161">
          <Coords points="512,660 575,660 575,684 512,684" />
          <TextEquiv>
            <Unicode>παγετός.</Unicode>
          </TextEquiv>
        </Word>
        <Word id="r0l15w132">
          <Coords points="418,654 486,654 486,686 418,686" />
          <TextEquiv>
            <Unicode>γίνεται</Unicode>
          </TextEquiv>
        </Word>
        <Word id="r0l15w133">
          <Coords points="496,656 509,656 509,684 496,684" />
          <TextEquiv>
            <Unicode>ὁ</Unicode>
          </TextEquiv>
        </Word>
        <Word id="r0l15w134">
          <Coords points="593,648 604,648 604,680 593,680" />
          <TextEquiv>
            <Unicode>ὁ</Unicode>
          </TextEquiv>
        </Word>
        <TextEquiv>
          <Unicode>ποιεῖ δρόσον, ἢ πήγνυται καὶ γίνεται ὁ παγετός. ὁ δὲ</Unicode>
        </TextEquiv>
      </TextLine>
      <TextLine id="r0l16">
        <Coords points="128,694 634,694 634,729 128,729" />
        <Word id="r0l16w135">
          <Coords points="128,699 243,699 243,729 128,729" />
          <TextEquiv>
            <Unicode>ἀριστοτέλης</Unicode>
          </TextEquiv>
        </Word>
        <Word id="r0l16w136">
          <Coords points="260,702 315,702 315,721 260,721" />
          <TextEquiv>
            <Unicode>αἴτιον</Unicode>
          </TextEquiv>
        </Word>
        <Word id="r0l16w137">
          <Coords points="325,697 384,697 384,723 325,723" />
          <TextEquiv>
            <Unicode>τούτων</Unicode>
          </TextEquiv>
        </Word>
        <Word id="r0l16w138">
          <Coords points="394,695 485,695 485,724 394,724" />
          <TextEquiv>
            <Unicode>ἀπάντων</Unicode>
          </TextEquiv>
        </Word>
        <Word id="r0l16w139">
          <Coords points="497,701 534,701 534,726 497,726" />
          <TextEquiv>
            <Unicode>τὴν</Unicode>
          </TextEquiv>
        </Word>
        <Word id="r0l16w140">
          <Coords points="534,694 587,694 587,724 534,724" />
          <TextEquiv>
            <Unicode>ψύξιν</Unicode>
          </TextEquiv>
        </Word>
        <Word id="r0l16w141">
          <Coords points="590,695 634,695 634,720 590,720" />
          <TextEquiv>
            <Unicode>λέγει:-</Unicode>
          </TextEquiv>
        </Word>
        <TextEquiv>
          <Unicode>ἀριστοτέλης αἴτιον τούτων ἀπάντων τὴν ψύξιν λέγει:-</Unicode>
        </TextEquiv>
      </TextLine>
      <TextLine id="r0l17">
        <Coords points="192,736 550,736 550,770 192,770" />
        <Word id="r0l17w163">
          <Coords points="438,738 550,738 550,764 438,764" />
          <TextEquiv>
            <Unicode>πάχνης:-</Unicode>
          </TextEquiv>
        </Word>
        <Word id="r0l17w143">
          <Coords points="192,741 233,741 233,769 192,769" />
          <TextEquiv>
            <Unicode>Περὶ</Unicode>
          </TextEquiv>
        </Word>
        <Word id="r0l17w144">
          <Coords points="243,737 317,737 317,766 243,766" />
          <TextEquiv>
            <Unicode>δρόσου</Unicode>
          </TextEquiv>
        </Word>
        <Word id="r0l17w145">
          <Coords points="326,737 378,737 378,770 326,770" />
          <TextEquiv>
            <Unicode>αὖθις</Unicode>
          </TextEquiv>
        </Word>
        <Word id="r0l17w146">
          <Coords points="387,736 434,736 434,768 387,768" />
          <TextEquiv>
            <Unicode>καὶ</Unicode>
          </TextEquiv>
        </Word>
        <TextEquiv>
          <Unicode>Περὶ δρόσου αὖθις καὶ πάχνης:-</Unicode>
        </TextEquiv>
      </TextLine>
      <TextLine id="r0l18">
        <Coords points="8,763 649,763 649,815 8,815" />
        <Word id="r0l18w164">
          <Coords points="579,778 649,778 649,805 579,805" />
          <TextEquiv>
            <Unicode>γίνεται</Unicode>
          </TextEquiv>
        </Word>
        <Word id="r0l18w147">
          <Coords points="8,763 54,763 54,804 8,804" />
          <TextEquiv>
            <Unicode>νε´.</Unicode>
          </TextEquiv>
        </Word>
        <Word id="r0l18w148">
          <Coords points="77,742 128,742 128,821 77,821" />
          <TextEquiv>
            <Unicode>Π</Unicode>
          </TextEquiv>
        </Word>
        <Word id="r0l18w149">
          <Coords points="180,788 219,788 219,809 180,809" />
          <TextEquiv>
            <Unicode>καὶ</Unicode>
          </TextEquiv>
        </Word>
        <Word id="r0l18w150">
          <Coords points="227,783 294,783 294,813 227,813" />
          <TextEquiv>
            <Unicode>δρόσος,</Unicode>
          </TextEquiv>
        </Word>
        <Word id="r0l18w151">
          <Coords points="302,785 401,785 401,815 302,815" />
          <TextEquiv>
            <Unicode>νηνεμίας</Unicode>
          </TextEquiv>
        </Word>
        <Word id="r0l18w152">
          <Coords points="407,787 436,787 436,813 407,813" />
          <TextEquiv>
            <Unicode>καὶ</Unicode>
          </TextEquiv>
        </Word>
        <Word id="r0l18w153">
          <Coords points="438,777 519,777 519,813 438,813" />
          <TextEquiv>
            <Unicode>αἰθρίας</Unicode>
          </TextEquiv>
        </Word>
        <Word id="r0l18w154">
          <Coords points="527,782 573,782 573,809 527,809" />
          <TextEquiv>
            <Unicode>οὔσης</Unicode>
          </TextEquiv>
        </Word>
        <Word id="r0l18w166">
          <Coords points="131,788 176,788 176,810 131,810" />
          <TextEquiv>
            <Unicode>άχνη</Unicode>
          </TextEquiv>
        </Word>
        <TextEquiv>
          <Unicode>νε´.   Π   άχνη καὶ δρόσος, νηνεμίας καὶ αἰθρίας οὔσης γίνεται</Unicode>
        </TextEquiv>
      </TextLine>
    </TextRegion>
  </Page>
</PcGts>