610 820
47 55 106 80 χώραν
112 55 157 77 φασὶ
162 51 193 67 τῶν
205 46 285 69 φυσικῶν
290 45 390 69 φιλοσόφων
397 45 441 65 τινές.
454 43 486 69 οὐκ
491 39 537 70 ἀπει

55 91 100 115 κότως
106 86 123 109 δὲ
132 88 177 109 τοῦτο
185 83 211 108 καὶ
222 84 272 107 τόπον
276 85 298 106 τὶς
304 85 428 107 ὀνομάσειεν:-
441 81 479 112 Περὶ
485 86 563 107 χρόνου

23 120 48 164 Ὁ
52 129 97 157 χρόνος
107 126 167 149 ἀνθρωπίνης
172 119 259 149 ἐπινοίας
298 121 349 142 νόημά
378 127 404 145 καὶ
412 119 468 142 ὄνομα
482 120 543 139 ἐπειδὴ
557 121 578 140 κ´.
261 122 291 149 ἐστὶ
352 123 377 143 τε

362 160 439 179 ἀκίνητα
51 167 77 189 Τὰ
85 168 123 188 μὲν
133 164 199 185 αἰώνια
210 165 236 186 ἀεὶ
241 163 283 185 ὄντα
287 157 322 185 ἐστὶ
329 160 361 182 καὶ
454 161 478 181 τὰ
484 161 504 180 δὲ
508 155 548 184 ὑπο-

53 208 113 225 κίνησιν,
130 200 184 229 ῥέοντα
198 206 224 224 καὶ
231 197 346 227 φθειρόμενα,
373 198 415 218 αὐτὸ
424 197 442 217 δὴ
449 198 466 217 τὸ
472 198 540 224 μέτρον

51 244 81 267 τῆς
89 238 181 265 κινήσεως,
190 240 256 267 χρόνον
266 235 361 264 ὠνόμασαν
369 236 383 263 οἱ
390 235 494 263 φιλόσοφοι.
509 236 527 258 οὐ

51 285 68 306 δὲ
77 278 105 307 γὰρ
113 282 233 306 αὐθύπαρκτον
241 282 316 306 πρᾶγμα
335 279 395 302 χρόνος
319 283 333 304 ὁ
401 275 431 296 ἐστί
441 279 480 299 οὐδὲ
483 280 546 306 πρᾶγμα

54 317 177 347 φαινόμενον
188 317 230 339 οὐδὲ
236 315 328 342 ἀσώματός
332 326 360 341 τις
368 310 465 340 ὑπόστασις
474 312 531 343 ὥσπερ

54 366 62 390 ἡ
71 361 124 387 φύσις
133 367 162 385 καὶ
167 359 184 387 ἡ
193 361 246 384 ψυχὴ
247 356 279 384 καὶ
284 357 294 386 ὁ
299 352 331 378 νοῦς
347 351 397 385 ἀλλὰ
407 350 478 382 πρᾶγμα
489 353 517 378 ἐν

52 397 131 429 ἐπινοία
142 397 191 424 μόνη
199 387 279 423 κείμενον.
301 395 312 416 ἡ
318 391 374 418 τοίνυν
385 392 428 422 ψυχὴ
435 387 529 416 ἑνωθεῖσα

57 443 92 466 μὲν
98 443 124 461 τῷ
132 430 217 464 κρείττονι,
230 436 253 459 ἐν
259 437 284 461 τῷ
291 436 341 458 ἐστῶτι
347 435 406 453 αἰῶνι
411 429 451 459 ἐστὶ
459 426 544 455 ἀφειμέ-

56 484 73 505 νη
81 476 99 505 δὲ
106 475 134 505 τοῦ
141 478 216 504 αἰῶνος
228 474 258 501 καὶ
268 477 308 499 περί
313 473 331 498 τι
337 472 411 503 πρᾶγμα
416 469 448 492 τῆς
454 470 540 494 Γενέσεως

58 517 147 544 κινηθεῖσα
163 527 235 546 χώραν
242 508 275 537 τῷ
279 508 337 537 χρόνῳ
342 508 419 543 δίδωσιν.
430 505 481 542 οὐδὲν
487 503 525 538 οὖν

60 557 118 582 ἕτερόν
240 548 254 572 ἢ
122 559 163 579 ἐστιν
164 556 175 576 ὁ
175 554 237 578 χρόνος
260 551 329 574 μέτρον
331 553 424 575 κινήσεως:-
492 544 574 570 κινήσεως
447 546 487 572 Περὶ

491 582 532 613 εἶδος
61 587 187 623 υσκατανόητόν
191 602 219 620 τι
222 592 299 619 πρᾶγμα
309 594 327 622 ἡ
333 591 404 621 κίνησις
417 593 453 617 ἔστι
457 586 487 618 δέ,
560 585 593 606 κα´.
19 578 53 629 Δ

52 642 74 656 τί
81 632 115 656 καὶ
120 636 198 660 ἐνέργια
210 631 327 654 κινουμένου
504 627 556 654 χρό-
334 634 437 654 πράγματος
480 629 498 657 ὃν
440 631 476 655 καθ᾽

60 675 90 695 νον
97 671 171 698 κινεῖται
189 671 232 699 οἷον
233 672 250 693 τί
251 668 306 699 λέγω.
319 668 347 694 ἔστι
354 675 375 692 τί
381 667 457 700 πρᾶγμα
465 664 558 693 αὐξανό-

60 722 125 738 μενον
461 708 553 732 φερόμε-
141 710 174 737 καὶ
178 704 217 736 ἄλλο
225 714 365 735 ἀλλοιούμενον
375 704 410 737 καὶ
412 705 452 732 ἄλλο

66 753 103 776 νον
110 749 140 779 καὶ
147 750 179 772 τοῦ
184 749 228 777 μὲν
232 747 381 778 αὐξανουμένου
389 742 456 774 κίνησις,
461 747 477 768 ἡ
480 740 562 775 αὔξησις.
