652 831
118 42 139 63 ἐξ
140 37 203 59 ἀϊδίου
210 36 262 56 αὐτῆς
263 37 370 63 συνυπάρχει.
390 34 408 54 Αἱ
414 36 431 54 δὲ
443 32 523 59 ὀρίζουσαι
532 33 558 57 τὰς
565 36 620 56 δυνά-

121 83 157 103 μεις
161 78 189 99 τῆς
194 78 242 108 ψυχῆς
243 75 292 97 ὅλας
306 74 338 98 καὶ
343 71 470 97 διατάττουσαι
484 74 531 108 κατὰ
539 74 573 95 τὴν
576 77 618 92 νοε-

114 120 156 143 ρὰν
168 117 226 137 νόησιν
248 112 267 134 αἱ
274 118 293 135 δὲ
302 114 488 137 διαθεσμοθετοῦσαι
499 110 550 137 ὥσπερ
557 112 607 134 νόμοι

120 157 163 176 τινὲς
173 155 253 182 ἔμψυχοι,
264 155 289 176 τὰ
293 152 369 179 δεύτερα
378 154 405 175 τῆς
411 153 456 178 ζωῆς
464 148 501 179 εἴδη
506 142 555 174 μετὰ
561 149 584 174 τὸν
589 149 622 173 νοῦν

124 197 152 220 καὶ
164 197 183 217 αἱ
186 194 223 220 μὲν
231 196 333 227 ἀγαθοειδεῖς
352 194 373 215 αἱ
381 193 405 216 δὲ
412 193 437 213 τῷ
438 192 490 221 καλῷ
495 192 624 216 ἀποσεμνυνό-

123 242 177 263 μενοι.
193 233 300 263 Ἰάμβλιχος
307 237 332 258 δὲ
337 238 350 257 ὁ
352 235 455 263 φιλόσοφος
466 232 586 258 περιττότερος
589 231 609 257 τοῦ

124 278 192 308 δέοντος
201 270 226 309 ὤν,
246 276 306 303 κατάγει
314 276 352 301 τὴν
357 273 437 298 λογικὴν
443 274 499 304 ψυχὴν
507 271 546 297 ἀπὸ
552 276 586 294 τοῦ
589 269 624 300 θεοῦ

124 315 161 346 ἄχρι
168 321 198 341 τῆς
201 316 233 342 γῆς
251 317 284 344 καὶ
292 316 315 340 ἐν
319 316 381 343 ἑκάστω
385 318 441 344 μερίδι
451 319 482 340 τοῦ
487 313 554 339 παντός,
564 314 614 346 ἀλλά-

125 361 158 382 ττει
165 357 193 382 τὰς
201 359 288 385 δυνάμεις
294 359 347 380 αὐτῆς
368 357 399 385 καὶ
407 353 451 385 ἄλλας
456 352 494 378 μὲν
504 355 541 377 αὐτῇ
541 355 568 379 ἐν
574 355 618 381 οὐρανῷ

123 394 193 428 τίθεται
213 398 261 429 ἄλλας
269 401 289 421 δὲ
296 398 320 429 ἐν
325 396 357 424 τοῖς
366 402 434 427 στοιχείοις
459 395 505 429 ἄλλας
514 401 530 419 δὲ
538 400 556 419 ἐν
562 397 583 422 τῷ
587 395 627 425 παχὺ

106 438 208 466 σώματι:-
224 437 279 466 Περὶ
288 441 444 466 προαιρέσεως
456 449 492 466 καὶ
500 440 609 466 προσοχῆς:-

13 476 50 506 oβ´.
178 480 267 508 δυνάμεις
274 489 308 507 εἰσὶ
317 488 346 507 τῆς
349 483 413 509 ψυχῆς,
425 492 503 509 προσοχὴ
513 493 539 506 καὶ
547 481 614 509 προαίρε-
68 472 124 525 Μ
128 492 172 512 έσαι

117 530 149 554 σις
152 526 178 552 ἀλλ᾽
188 529 208 550 ἡ
209 524 244 548 μὲν
254 526 373 553 προαίρεσις,
382 525 451 553 ἡγεῖται
460 526 494 547 τῶν
500 524 582 550 πράξεων
583 524 616 548 ἔχει

126 567 147 587 δὲ
154 564 186 592 τὸν
188 563 236 592 λόγον
241 565 266 588 ἐν
275 560 294 587 ὧ
357 563 382 584 τὰ
387 561 432 594 καλὰ
449 563 464 593 καὶ
471 562 528 591 ὄρεξιν
530 559 557 583 τὴν
563 559 621 586 ἐμφι-
297 563 353 588 κρίνει

129 606 206 632 εμένην
214 607 246 629 τῶν
254 608 316 629 οἰκείων
324 596 412 637 ἀγαθῶν
423 604 452 630 καὶ
460 602 490 626 τὴν
496 597 616 626 ἀναπληροῦσαν

128 650 152 671 ἀεὶ
160 646 189 671 τὰ
199 646 289 673 ἐλλείποντα.
309 653 341 671 Ἀπ᾽
343 649 463 673 ἀμφοτέρων
473 644 511 668 οὖν
515 647 547 667 τοῦ
548 641 598 671 λόγου

128 691 161 718 καὶ
165 691 199 713 τῆς
204 686 290 720 ὀρέξεως,
308 692 409 714 συνίσταται
422 691 436 710 ἡ
437 686 551 716 προαίρεσις
559 691 617 711 προ-

128 733 169 755 σοχὴ
177 735 196 753 δέ
201 734 228 756 ἐστι,
241 736 291 756 καθ᾽
294 738 320 753 ἣν
321 734 446 756 προσέχομεν
451 732 485 750 τοῖς
486 725 542 753 ἔργοις
550 725 573 746 οἷς
576 723 622 751 πρά-

130 774 202 805 ττομεν
216 776 247 798 καὶ
254 774 291 796 τοῖς
294 768 348 795 λόγοις
359 772 381 797 οἷς
385 770 468 799 λέγομεν.
481 765 521 790 Αὕτη
524 766 550 794 γὰρ
556 763 592 789 ποτὲ
592 764 621 785 μὲν
