648 826
106 32 138 61 καὶ
149 29 300 61 ἀποτεφροῦντες,
313 26 343 53 καὶ
349 27 380 50 τὴν
387 28 464 56 τέφραν
474 28 493 48 εἰς
500 24 549 54 ὕδωρ
560 26 615 53 ἀφέ-

101 63 164 104 ψοντες,
168 74 193 94 τὸ
197 66 277 94 ἐπιπαγὲν
289 66 330 94 ἅλας
338 64 431 94 εὑρίσκουσι.
452 80 481 94 Καὶ
490 71 501 89 ἡ
506 64 607 95 σερβωνίτης

108 118 128 140 δὲ
129 116 199 141 λίμνη,
207 115 282 138 ἁλμυρά
285 108 315 132 ἐστι
328 107 357 133 καὶ
365 104 404 129 ὅσον
413 103 435 129 ἂν
441 107 549 133 ἐπιτείνεται
553 114 571 130 ἡ
578 114 586 130 τοῦ

109 154 169 179 ὕδατος
177 157 266 180 παχύτης,
275 154 350 175 τοσοῦτον
359 152 391 179 καὶ
396 155 410 173 ἡ
416 144 519 180 ἁλμυρότης
535 154 557 176 ὡς
558 146 597 176 εἶναι

108 200 126 220 τὸ
129 196 236 220 παχύτατον,
245 194 363 219 ἁλμυρότερον.
385 191 418 219 Καὶ
441 189 516 221 θάλασσα
521 188 558 216 οὖν,
563 193 605 221 ἁλμυ-
420 197 437 221 ἡ

111 241 138 264 ρά
139 238 171 262 ἐστι
191 236 240 260 διότι
248 234 315 264 παχεῖα
336 234 376 257 διὰ
384 231 404 257 τὸ
408 228 550 260 συμμεμίχθαι
556 231 603 255 αὐτῇ

104 281 137 305 τὴν
149 282 243 308 καπνώδη
261 274 409 305 ἀναθυμίασιν
413 269 518 305 παχυτάτην
519 269 602 295 οὖσαν:-

232 314 304 347 Περὶ
314 319 452 347 ποταμῶν:-

10 352 43 390 ξ´.
58 352 110 401 Ἀ
147 362 181 384 τοῦ
187 359 280 387 παρνασοῦ
292 361 413 384 καλουμένου
427 357 477 381 ὄρους
491 351 525 384 τοῦ
526 350 565 385 ὄντος
570 354 603 377 ἐν
115 368 146 390 πὸ

100 400 131 427 τῇ
142 400 194 426 ἀσίᾳ,
195 401 278 426 ῥέουσι
279 400 351 426 ποταμοί,
356 400 381 424 ὁ
387 400 467 426 βάκτρος
476 400 488 424 ὁ
494 399 570 418 χοάσπης,
581 401 610 422 καὶ

111 440 127 465 ὁ
130 439 200 470 ἀράξης,
217 441 245 466 ἐκ
246 446 271 466 δὲ
283 438 312 465 τοῦ
317 433 416 466 καυκάσου
423 437 482 465 ὄρους,
494 438 506 465 ὁ
510 430 568 465 φάσις.
580 431 610 465 Ἄλλοι

109 485 132 503 τὲ
139 478 210 507 πολλοὶ
215 484 278 511 ῥέουσι
300 480 350 512 κατὰ
358 481 380 512 τὸ
386 483 471 512 πλῆθος
476 478 509 504 καὶ
515 472 606 506 μέγεθος

106 508 247 550 ὑπερβάλλοντες.
259 523 277 549 Ὁ
282 522 300 543 δὲ
312 516 410 548 καύκασος,
417 518 492 547 μέγιστον
500 515 538 545 ὄρος
539 512 577 540 τῶν
578 525 610 544 πρὸς

109 561 145 588 τὴν
150 558 175 589 ἔω
179 564 210 586 τὴν
217 562 310 588 θερινήν,
325 574 355 589 καὶ
363 563 434 587 πλήθει
443 573 472 585 καὶ
480 553 516 585 ὕψει.
531 559 551 581 Ἐκ
553 561 571 580 δὲ
576 560 604 580 τῆς

115 605 202 635 πυρίνης,
208 611 255 639 τοῦτο
264 611 282 635 δέ
287 610 332 638 ἐστιν
337 609 378 635 ὄρος
386 605 437 631 πρὸς
445 606 484 627 τὴν
487 607 556 629 δυσμὴν
557 606 583 623 τὴν
589 596 606 631 ἰ-

117 652 218 671 σημερινὴν
228 650 259 674 ἐν
259 651 282 677 τῇ
289 647 356 671 κελτικῇ
368 648 439 671 ῥέουσιν
460 649 470 671 ὅ
477 649 488 670 τε
496 640 547 671 ἴστρος
547 656 572 671 καὶ
581 642 593 662 ὁ

112 689 201 715 ταρτησὸς
210 688 250 716 ἔξω
259 695 314 716 στηλῶν
335 693 347 713 ὁ
352 689 373 712 δὲ
374 685 435 714 ἴστρος,
446 694 460 712 δ᾽
465 690 510 711 ὅλης
518 690 545 709 τῆς
551 684 593 715 Εὐρώ-

122 747 169 760 πης,
177 740 204 759 εἰς
205 736 232 758 τὸν
241 726 320 759 εὔξεινον
329 733 387 759 πόντον.
411 732 455 758 Ὑπ᾽
460 727 504 753 αὐτὴν
506 731 528 752 δὲ
532 731 568 751 τὴν
575 725 593 760 ἄρ-

120 776 163 798 κτον,
174 771 221 800 ὑπὲρ
231 775 256 796 τῆς
267 773 330 802 ἐσχάτης
339 771 428 798 σκυθίας,
441 772 460 795 αἱ
468 768 568 802 καλούμεναι
576 763 617 789 ῥίπαι
