680 849
147 30 182 61 καὶ
190 31 265 58 πλάτων
274 34 294 56 ἐν
298 33 336 59 μὲν
341 37 367 57 τῷ
372 38 446 60 τιμαίῳ
456 39 506 64 κατὰ
507 37 540 61 τὴν
547 39 651 69 δημιουργικὴν

144 75 237 103 βούλησιν,
247 77 316 107 ἀγαθὰ
319 89 364 102 μὲν
372 78 439 103 πάντα
461 84 536 107 φαῦλον
541 86 557 103 δὲ
566 90 595 114 μὴ
604 88 635 107 δὲν

130 118 187 140 εἶναι
199 120 258 143 φησὶν
285 117 309 139 ἐν
314 117 341 139 δὲ
342 121 373 140 τοῖς
374 115 480 150 γεωμέτροις
485 121 549 149 λόγοις,
562 111 588 147 οὔ
589 121 639 153 φασιν

147 161 262 182 ἀπολέσθαι
266 161 296 180 τὰ
299 155 354 184 κακὰ
374 162 404 192 ἀλλ᾽
405 161 428 184 ἐξ
512 161 547 187 εἶναι
557 169 579 189 ὡς
587 172 648 192 ἀκριβὴς
438 161 502 192 ἀνάγκης

142 196 173 224 τῷ
180 194 209 219 ὄντι
216 196 324 226 φιλόσοφος
346 197 388 222 ἄνω
391 202 433 225 μὲν
436 194 467 233 περὶ
473 208 503 226 τοῦ
504 207 593 233 καθόλου
600 210 650 232 κακοῦ

141 237 198 266 λέγων
207 248 238 263 καὶ
245 238 423 266 συνδιατεινόμενος
443 241 475 265 ὅτι
482 241 501 262 οὐ
509 244 620 264 συνεισῆλθε
621 247 650 266 τῷ

145 278 184 305 βίῳ
195 279 209 297 ἡ
213 276 277 301 ἀμιγὴς
287 278 347 305 κακία
373 280 421 307 κάτω
425 285 444 303 δὲ
447 284 479 312 περὶ
487 284 519 305 τοῦ
523 284 604 312 μερικοῦ
609 269 638 308 κα-

145 321 179 345 κοῦ
187 316 219 343 καὶ
222 320 254 342 τοῦ
260 321 426 346 συμμεμιγμένου
433 322 466 350 τῷ
472 321 537 353 ἀγαθῷ
545 324 653 353 φιλοσοφῶν.

147 356 190 394 Ἐπεὶ
199 372 229 385 καὶ
235 363 252 383 τὸ
261 359 324 391 σκότος,
330 364 349 385 τὸ
353 363 395 389 μὲν
405 365 477 392 ἀμιγὲς
489 366 546 392 πάντη
558 380 586 394 καὶ
593 369 640 394 φωτὸς

145 396 216 429 ἄμοιρον
223 403 241 423 οὐκ
246 399 290 426 ἔστι
306 404 330 427 τὸ
333 409 349 426 δὲ
360 400 402 426 ὑπὸ
406 407 435 426 τοῦ
444 404 504 432 φωτὸς
508 401 605 433 γενόμενον
613 410 643 432 καὶ

147 439 260 468 ὁριζόμενον,
266 441 303 465 τῶν
307 438 358 464 ὄντων
365 435 406 468 ἐστίν.
420 445 454 476 Ἔστι
463 446 492 468 οὖν
497 450 515 468 τὸ
521 447 572 478 κακὸν
577 457 600 476 ἐν
607 449 620 468 ἡ-

147 483 180 508 μῖν
203 486 242 507 τοῖς
249 498 275 510 μὴ
281 484 338 509 πάντη
348 487 404 515 κατὰ
409 494 429 513 τὸ
437 489 499 515 ἀγαθὸν
510 488 578 512 ἑστάναι
587 493 631 510 δυνα-

124 530 225 558 μένοις:-
239 531 259 550 Eἰ
265 523 322 551 ἔστι
336 522 358 555 τὶ
366 531 387 555 ἐν
394 533 435 558 τοῖς
448 538 536 563 ἀγγέλοις
547 526 621 560 κακόν:-

7 556 52 596 πβ´.
103 566 130 607 Ὁ
142 578 189 597 μὲν
194 567 291 596 θεολόγος
299 568 394 601 γρηγόριος,
407 570 430 592 ἐν
434 570 463 590 τοῖς
474 567 506 602 τοῦ
514 569 546 599 χριστοῦ
558 573 644 608 γενεθλίοις,

132 612 220 639 βούλεται
226 622 264 635 μὲν
272 610 363 634 ἀκινήτοις
369 611 420 635 εἶναι
424 610 459 637 τοὺς
468 612 543 644 ἀγγέλους
550 609 594 642 πρὸς
598 611 625 636 τὸ

145 661 199 678 κακόν.
218 655 265 675 Εἰδὼς
270 654 292 673 δὲ
293 648 331 676 τὸν
335 647 408 684 ἄγγελον
418 650 511 678 διάβολον
514 653 554 675 μὲν
564 646 599 673 ὄντα,
603 650 643 672 κα-

145 701 182 729 κὸν
183 690 274 722 γεγονότα,
284 693 390 720 δυσκινήτους
399 699 459 722 αὐτοὺς
471 693 598 724 ἀποφαίνεται.
610 691 626 729 Οἱ

141 734 165 764 δὲ
172 734 264 763 σοφώτεροι
268 737 303 758 τῶν
311 734 386 766 ἑλλήνων,
396 737 421 761 ἐν
429 738 534 766 προθύροις
539 737 563 759 τοῦ
566 734 599 758 θεοῦ
604 736 633 756 τοὺς

593 773 651 800 κακοῦ
565 776 593 802 τοῦ
507 778 561 802 αὐτοὺς
403 773 500 804 ἀμετόχους
303 774 393 801 οἰόμενοι,
225 775 296 801 ἑστῶτας
138 774 214 810 ἀγγέλους
