635 817
107 27 162 49 τοῦτο
166 18 198 50 γὰρ
205 25 246 55 καὶ
252 27 324 49 μωσῆς
333 20 457 51 ὑπενίττεται
467 24 524 59 λέγων
542 26 609 64 ἔσονται

109 66 134 90 εἰς
143 64 214 95 σημεῖον
226 70 256 90 καὶ
263 69 287 92 εἰς
291 68 362 96 καιροὺς
372 69 405 96 καὶ
415 71 439 94 εἰς
445 67 532 97 ἐνιαυτούς.
547 78 620 100 ἐπιση-

110 105 206 133 μαίνεται
214 101 243 133 γὰρ
251 108 264 130 ὁ
267 107 314 134 ἀστὴρ
319 105 360 134 τῶν
368 110 400 139 περὶ
404 114 438 136 τὸν
447 112 499 139 ἀέρα
509 118 598 143 παθῶν

107 147 171 172 ἑῶαν
182 146 282 173 ἐπιτολὴν
290 142 303 173 ἢ
310 146 410 179 ἑσπερίαν
418 152 531 179 ποιούμενος.
558 155 602 192 περὶ

108 187 180 212 μέντοι
186 188 262 213 θέρους
288 186 376 217 χειμῶνος
270 182 285 216 ἢ
388 196 417 218 καὶ
425 194 463 215 τῶν
466 199 534 217 λοιπῶν
545 198 605 225 ὡρῶν,

110 225 165 256 ἱστέον
182 229 206 253 ὡς
216 227 262 258 ὅταν
266 231 307 255 μὲν
314 230 326 253 ὁ
332 229 384 255 ἥλιος
394 230 462 262 βόρειος
474 229 519 262 ἡμῖν
526 235 597 265 γένηται

110 270 144 299 καὶ
154 269 202 305 ὑπὲρ
211 270 305 303 κεφαλῆς
316 275 388 298 κινοῖτο,
401 277 463 304 θέρος
472 273 522 307 ποιεῖ.
539 279 585 303 ὅταν
589 277 614 302 δὲ

111 319 164 339 πρὸς
176 309 227 336 νότον
238 316 342 341 ἀπέλθοι,
350 317 446 345 χειμῶνα
455 315 553 347 ἐργάζεται
570 315 608 349 καὶ

106 351 157 377 ὅταν
164 350 211 378 μὲν
218 356 269 382 κατὰ
281 356 314 382 τὸν
322 357 374 387 κριὸν
382 357 400 380 τὸ
404 358 472 388 ζώδιον
480 361 551 387 γένηται,
558 364 621 389 ἰσημε-

105 395 152 423 ρίαν
160 396 240 423 ἐμποιεῖ.
251 394 303 423 ὅταν
309 397 333 424 δὲ
345 400 384 430 κατ᾽
475 400 611 430 διαπορεύεται
385 402 467 429 ἀντικρὺ

505 440 563 474 αὖθις
102 438 142 464 τῶν
147 438 204 467 χηλῶν
211 438 333 469 μετόπωρον
342 439 374 468 καὶ
383 438 493 472 ἰσημερίαν

491 485 568 514 ἥλιοι:-
130 476 180 513 Περὶ
185 480 229 509 οὐσίας
233 477 290 510 ἡλίου
302 488 334 510 καὶ
347 483 364 506 εἰ
368 487 430 508 πολλοὶ
437 485 485 514 εἰσὶν

2 502 62 543 μγ´.
141 519 186 548 μὲν
197 519 266 551 οὐσίαν
269 530 308 551 τοῦ
317 528 377 551 ἡλίου
386 533 491 558 εἰρήκαμεν
500 529 620 560 φθάσαντες
67 512 105 575 Τ
103 522 133 553 ὴν

421 570 512 601 πέμπτον
105 562 143 587 ὅτι
149 567 200 592 κατὰ
206 569 248 591 μὲν
255 570 287 594 τὸν
291 570 407 597 ἀριστοτέλην
518 575 584 598 σῶμα

107 608 135 635 καὶ
140 605 261 638 ἑτεροφυὲς
268 608 317 637 πρὸς
330 607 353 639 τὰ
367 613 430 640 στοιχεῖα,
454 613 502 640 κατὰ
508 617 528 636 δὲ
538 606 602 640 πλάτω-

102 652 133 670 να,
152 650 186 674 τοῦ
195 646 319 679 τετραστοίχου
325 649 346 674 τὸ
351 651 472 682 διαυγέστερον.
489 651 525 681 περὶ
532 654 551 676 δὲ
556 654 604 681 ἀρι-

102 691 174 714 θμῶν
179 687 243 720 ἡλίων
250 693 337 719 τοσοῦτον
341 696 402 721 φημὶ
423 696 457 723 ὅτι
519 696 613 721 ὁρώμενος
461 692 473 721 ὁ
473 692 514 723 μὲν

108 729 170 757 ἥλιος,
182 723 201 755 εἷς
209 730 240 757 ἐστὶ
261 731 296 759 καὶ
304 728 339 754 οὔτε
349 731 389 756 δύο
396 727 436 756 οὔτε
443 734 512 759 πλείους.
530 733 575 758 ὑπὸ
579 732 600 759 δὲ

104 767 143 801 περὶ
148 774 182 795 τῆς
189 769 260 801 σοφίας
501 772 524 807 καὶ
266 772 301 799 τῶν
309 772 390 801 Ἑλλήνων
394 772 448 804 ἔνιοι,
464 774 491 803 δύο
530 772 573 802 τρεῖς
579 766 602 801 τί-
