649 823
155 22 196 59 Εἰ
200 27 331 57 μεταβάλει
351 24 402 59 ψυχὴ
415 32 439 55 εἰς
451 24 543 59 ἄγγελον:-

21 77 60 108 οδ´.
79 59 127 120 O
150 71 254 101 μεταβάλλει
260 72 286 92 τὰ
295 74 330 96 κατ᾽
332 73 394 95 οὐσίαν
404 70 467 100 ἕτερα
468 71 509 97 εἴδη
514 79 545 99 τῆς
550 80 595 103 ζωῆς
602 83 618 102 εἰς
128 74 148 94 ὐ

126 112 197 140 ἄλληλα
214 115 227 134 οὐ
231 108 265 137 γάρ
266 114 301 135 ἐστιν
307 109 364 134 ὅμοια,
378 110 405 136 τὰ
407 109 491 135 γεννητὰ
498 116 525 140 καὶ
531 115 558 134 τὰ
563 115 635 141 μεταβλη-

130 151 156 171 τὰ
161 151 205 174 τοῖς
214 150 334 175 ἀμεταβόλοις.
353 151 393 180 Ἀλλὰ
400 153 451 181 ψυχή,
461 155 527 184 ἄγγελος
533 155 569 177 μὲν
577 154 590 179 ἢ
591 155 612 183 ἀρ-

123 189 214 224 χάγγελος
217 193 306 221 γενέσθαι
315 193 333 217 οὐ
338 189 416 214 δύναται
430 194 515 226 μιμεῖται
521 195 539 217 δὲ
546 199 581 219 ὅσον
588 204 632 225 εἰκὸς

131 229 154 253 τὰς
165 229 245 260 ἐνεργείας
257 229 308 250 αὐτῶν
330 228 357 253 καὶ
365 227 405 255 πρὸς
412 232 437 250 τὰ
443 226 538 256 ὑπερέχοντα
543 232 579 257 γένη
587 235 619 254 ἀπει-

136 270 210 294 κονίζεται.
232 268 268 293 Ἐπεὶ
278 272 305 292 καὶ
314 274 347 295 κατ᾽
348 273 399 295 εἰκόνα
408 271 437 295 θεοῦ
448 268 520 297 γεγένηται
538 273 547 291 ἡ
550 274 568 293 δὲ
576 282 620 298 εἰκών,

134 307 210 336 ὁμοίωσιν
214 310 248 338 ἔχει
252 309 297 338 πρὸς
305 311 408 338 παράδειγμα
433 322 444 338 εἰ
445 320 466 338 δὲ
467 316 562 338 ὁμοιοῦται
567 316 597 338 θεῶ,
603 329 626 336 πο-

130 355 165 372 λλῷ
166 355 229 381 μᾶλλον
233 353 266 374 ταῖς
277 347 404 376 ὑποδεεστέραις
405 355 513 378 δυνάμεσι.
523 368 551 381 Καὶ
559 360 611 379 πᾶσα

133 387 172 416 μὲν
178 391 227 420 ψυχή,
231 389 261 417 κατ᾽
262 390 321 415 εἰκόνα
328 386 427 416 πεποίηται
438 394 465 414 τοῦ
471 393 502 416 θεοῦ
521 398 539 416 οὐ
543 396 591 420 πᾶσα
598 398 614 420 δὲ

127 430 161 467 ἔχει
169 434 197 460 καὶ
202 439 219 456 τὸ
230 437 265 461 καθ᾽
270 429 342 456 ὁμοίωσιν.
361 440 380 458 Τὸ
387 434 426 463 μὲν
433 435 461 461 γὰρ
470 441 502 468 κατ᾽
505 442 572 470 εἰκόνα,
580 441 633 471 δύνα-

129 480 162 504 μίς
163 475 190 502 ἐστι
202 475 247 504 πρὸς
256 474 286 500 τὴν
296 481 327 499 τῶν
337 481 394 504 καλῶν
402 478 492 506 ἐργασίαν
511 480 537 503 καὶ
548 478 582 506 οἷον,
590 476 623 507 ἀρχή

123 523 153 545 τις
159 523 187 543 καὶ
196 518 274 546 ἀφορμὴ
278 520 312 540 τῶν
321 520 380 551 ἀγαθῶν
388 513 467 547 πράξεων
491 535 517 548 καὶ
525 520 555 551 οἷον
563 534 635 552 σκιαγρα-

128 557 167 588 φία
177 562 207 581 τῶν
214 559 278 589 ἀρετῶν.
302 565 318 581 Τὸ
327 566 344 583 δὲ
354 564 406 589 καθ᾽
407 555 502 587 ὁμοίωσιν,
517 564 592 589 ἐνέργεια
596 556 627 584 ἐστὶν

129 602 219 626 αὐτοτελής,
234 613 264 626 καὶ
273 603 385 626 ἀπαρτισμένη
393 602 445 622 εἰκών.
467 605 486 631 Οὐ
494 603 550 625 πάντες
557 603 574 621 δὲ
581 595 617 623 ὁμοί-

124 644 149 662 ως
160 640 185 669 τὸ
190 647 233 665 καθ᾽
234 639 322 665 ὁμοίωσιν
334 639 397 670 ἔχομεν
419 642 458 671 ἀλλὰ
467 643 485 663 οἱ
490 652 524 665 μέν,
528 641 582 667 μᾶλλον
588 635 599 654 οἱ
600 631 617 655 δὲ

129 678 195 708 ἔλαττον:-
289 681 362 714 Περὶ
368 684 450 712 ψυχῆς:-

7 705 39 731 oε´.
66 705 122 766 Ψ
166 721 231 746 ἑαυτὴν
236 729 299 755 γνοῦσα
314 728 343 755 καὶ
351 728 377 752 ὅτι
384 730 434 752 θεῖον
437 732 471 756 ἔχει
480 724 567 753 ἀξίωμα,
572 724 620 749 πόρρω
118 728 156 742 υχὴ

128 775 170 791 μὲν
177 767 208 786 τῆς
213 769 288 794 φύσεως
290 760 356 790 ἵσταται
376 768 429 795 πάντη
436 770 460 789 δὲ
466 770 496 791 τῶν
501 765 607 793 σπερμάτων
