576 688
135 19 148 40 δι᾽
149 17 172 39 ὧν
177 19 283 41 συμπλέκεται
290 23 312 45 τῷ
317 23 369 42 σώματι,
386 17 417 38 αὕτη
423 20 443 39 δὲ
450 22 466 41 ἡ
467 21 502 46 δόξα
512 25 539 44 ἐμοὶ

138 58 164 73 οὐκ
165 55 236 75 ἀρέσκει.
256 53 279 73 Ἔστι
287 50 311 75 γὰρ
320 52 336 75 καὶ
342 54 404 75 ἑλληνικὴ
416 63 441 73 καὶ
450 53 540 74 ἀδιανόητος

139 87 165 108 κἂν
172 87 183 105 εἰ
186 84 243 108 μύριοι
249 84 329 108 πλάτωνες
340 96 351 108 καὶ
358 88 442 108 ἀριστοτέλης
445 90 490 108 τοῦτο
489 91 550 115 πεφλυ-

137 117 201 144 αρίκασι.
222 117 245 139 Τὸ
248 122 267 138 δ᾽
268 117 285 138 οὖν
291 117 383 143 λεγόμενον
391 120 425 144 παρ᾽
426 120 478 144 αὐτῶν,
482 125 549 144 τοιοῦτόν

137 159 162 177 ἐστι.
178 154 255 178 Βασιλίδι
262 153 352 176 ἀπεικάζουσι
360 152 388 175 τὴν
391 156 437 178 ψυχὴν
453 165 475 177 καὶ
478 159 493 175 τὸ
500 157 542 177 σῶμα

138 189 186 209 κλίνη
194 190 281 212 βασιλικῆ,
292 188 326 208 οὐκ
326 184 368 208 εὐθὺς
377 185 407 206 οὖν
408 189 479 207 τιθέασιν
484 188 537 208 ταύτην

136 225 155 243 ἐν
158 227 180 242 τῷ
189 225 248 243 σώματι
277 225 306 243 ἀλλ᾽
307 222 423 243 ὑποτιθέασιν
430 222 470 239 αὐτῆ
474 222 539 242 τάπητας

137 258 202 281 ἁλουργοὺς
215 267 235 279 καὶ
252 252 366 280 πορφυρόβαπτα
377 250 431 277 εἵματα
449 265 472 279 καὶ
478 257 501 274 ἐπὶ
502 255 548 276 τούτοις

136 294 179 311 αὐτὴν
187 292 282 314 ἀνακλίνουσι.
301 295 324 314 Τὰ
331 294 350 312 δὲ
357 297 391 314 εἰσὶν
400 291 416 310 αἱ
423 291 513 314 φανταστικαὶ
520 294 547 319 δυ-

138 324 193 348 νάμεις,
206 327 223 344 αἱ
226 328 249 347 δὲ
253 328 327 354 δοξαστικαὶ
346 331 356 347 ἡ
363 324 434 350 ἀρμονία
438 331 466 347 τοῦ
470 328 534 351 σώματος

136 371 162 385 καὶ
169 359 217 383 ἕτερα
228 358 265 379 ἅττα
285 365 308 385 ἐφ᾽
314 363 336 383 οἷς
344 366 488 386 προκαταβληθεῖσιν
496 364 514 388 ἐν
519 364 544 385 τῷ

134 395 193 418 σὠματι
204 400 237 415 τὴν
245 395 301 423 ψυχὴν
312 395 420 418 ἀναπαύουσιν:-

135 427 178 452 Περὶ
179 431 209 452 τῆς
219 428 264 454 πρὸς
274 443 290 452 τὸ
297 431 339 454 θεῖον
347 429 474 455 ἐπιστροφῆς:-

10 451 37 486 πζ´.
106 469 133 503 Τ
173 462 219 488 παρὰ
224 464 250 482 τοῦ
256 463 291 483 θεοῦ
295 466 329 485 ἀπὸ
335 467 359 486 τοῦ
391 463 426 484 ὄντος
435 468 455 486 εἰς
456 469 469 486 τὸ
479 465 510 487 εἶναι
511 466 547 486 πα-
363 467 384 482 μὴ
139 459 171 484 ῶν

125 506 224 524 ραχθέντων,
231 504 257 523 τὰ
258 511 287 523 μὲν
294 511 316 520 ἐστὶ
321 501 368 524 μόνως
376 497 417 521 ὄντα,
429 500 447 519 ὡς
448 497 471 518 τὰ
474 493 527 524 ἄψυχα

135 534 201 556 σώματα
211 535 238 553 τὰ
243 536 263 553 δὲ
268 533 282 558 καὶ
288 531 322 553 ὄντα
334 532 349 558 καὶ
354 535 398 557 ζῶντα
409 545 435 557 καὶ
445 532 505 553 νοοῦντα
514 529 530 551 ὡς

139 571 155 588 αἱ
160 572 203 596 ψυχαὶ
208 567 223 596 καὶ
227 570 237 586 οἱ
238 560 279 588 νόες.
295 560 348 590 Ἕκαστον
356 564 381 597 οὖν
387 580 425 594 πρὸς
429 568 452 588 τὸν
454 568 484 589 θεὸν
485 564 501 590 ὑφ᾽
502 561 540 597 οὗ

140 605 207 631 παρήχθη
214 603 250 626 κατὰ
257 604 283 623 τὴν
290 602 328 623 ἰδίαν
329 600 397 630 ὕπαρξιν
405 601 484 626 ἐπιστρέφει.
485 603 498 618 Τὸ
499 602 526 620 μὲν
527 599 541 620 οὖν

139 639 160 659 ὄν,
165 641 222 660 οὐσιώδη
228 639 286 660 ποιεῖται
287 639 310 657 τὴν
317 639 404 663 ἐπιστροφὴν
417 640 432 657 τὸ
438 640 449 656 δὲ
450 636 486 659 ζῶον
491 633 502 662 καὶ
510 636 552 656 οὐσιώδη
