647 828
107 32 147 52 τὰς
155 39 185 52 τὸν
194 22 257 51 κόσμον
286 24 441 52 κατευθυνούσας
454 30 480 53 ἐν
484 30 545 57 ταῦτα
554 30 618 60 τίθεται.

116 70 125 91 ὁ
130 65 149 92 δε
181 68 295 94 ἀριστοτέλης,
308 69 349 93 οὔτε
578 77 627 107 πάν-
358 68 426 95 κενὸν
438 69 467 101 οὔτ᾽
474 69 509 105 ἄλλό
515 76 539 104 τι
544 77 575 107 τῶν
150 68 170 89 γε

109 112 151 132 των
157 104 207 140 ὑπὲρ
214 118 242 132 τὸν
250 110 312 136 οὐρανὸν
320 107 382 134 οἴεται.
402 114 446 134 νοῦν
451 116 493 136 μὲ
498 112 525 142 γὰρ
535 119 622 142 δογματί-

294 150 368 178 παντός.
115 150 136 177 ζει
141 152 246 174 δημιουργὸν
252 150 286 173 τοῦ
385 151 410 176 οὐ
412 155 472 179 μέντοι
479 158 505 181 γε
513 155 610 185 περιγράφει

110 192 173 214 τοῦτον
184 185 225 212 οὔτε
232 188 284 216 ἐντὸς
290 194 322 219 τοῦ
332 188 408 217 κόσμου
422 192 458 218 οὔτε
468 193 519 219 ἐκτὸς
533 200 578 222 οὐδὲ
583 202 620 228 δια-

113 226 187 259 τειχίζει
190 229 246 252 αὐτῷ
249 240 281 255 τὸν
291 230 347 254 οὐρανὸν
369 236 399 264 ἀλλ᾽
402 231 448 265 ὑπὲρ
458 239 482 259 τὸ
486 239 533 259 πᾶν
540 234 601 260 οἴεται.

109 275 133 301 οὐ
140 270 232 301 βούλεται
238 274 261 296 δὲ
273 276 310 295 οἷόν
314 271 365 298 τινα
378 276 501 303 σωματικὴν
510 277 570 307 φύσιν
576 279 620 305 ἐκτὸς

111 316 142 342 τοῦ
147 316 208 343 οὐρανοῦ
218 315 351 347 περικεχύσθαι
363 313 379 339 ἢ
382 322 490 349 ἑστηκέναι
586 319 633 352 εἶναι
498 318 527 346 ἀλλ᾽
531 318 586 349 ἑαυτῷ

104 356 183 383 ἀτόπως
224 352 324 389 ἀρρήτως:-
188 352 219 382 καὶ
344 359 384 388 Περὶ
389 366 423 383 τῆς
433 363 462 387 τοῦ
467 360 547 384 οὐρανοῦ
543 362 606 388 οὐσίας:-

226 401 245 421 ὁ
8 387 40 418 λε´.
56 380 107 437 Π
175 399 224 422 μὲν
246 398 363 429 φιλόσοφος,
379 407 424 428 ἀπὸ
430 402 469 427 τῶν
474 396 572 431 τεσσάρων
579 406 611 434 στοι-
111 398 175 423 λάτων

102 438 161 466 χείων
169 440 240 464 πάντα
249 440 345 469 πλάττων
348 447 377 473 τὰ
384 440 487 467 σύνθετα
498 440 581 469 σώματα
590 447 625 468 ἀπὸ

330 486 367 513 καὶ
108 486 148 506 τῶν
153 487 214 507 αὐτῶν
219 481 328 512 συγκεῖσθαι
375 491 402 512 τὸν
411 490 473 511 οὐρανὸν
485 490 618 517 ἀποφαίνεται.

234 528 284 551 φησι
105 527 196 550 τοσοῦτον
203 523 232 554 δέ
292 530 337 557 πρὸς
343 533 368 555 τὰ
377 523 427 558 ἄλλα
430 526 470 556 τὴν
476 533 569 560 διαφορὰν
572 529 613 561 ἔχειν,

109 564 136 590 ὅτι
143 567 171 587 τὰ
174 563 220 593 μὲν
230 566 264 591 ἐπὶ
272 566 296 592 γῆς
301 568 394 598 σώματα,
401 571 445 598 ἀπὸ
448 572 484 592 τῆς
491 568 552 595 ἐσχάτης
560 565 615 595 μερί-

109 609 139 632 δος
145 610 183 631 τῶν
193 610 263 634 στοιχείων
268 606 321 634 εἶναι
339 614 372 636 τῆς
384 610 422 638 οἷον
427 608 547 641 παχυτέρας
555 611 619 644 καὶ

109 653 192 680 δεστέρας
208 653 236 674 τὸν
241 655 263 673 δὲ
270 651 331 674 οὐρανὸν
353 653 399 680 ἀπὸ
406 655 440 677 τῆς
447 653 579 683 αὐγοειδεστέρας
583 654 614 683 αὐ-

104 692 141 714 τῶν
147 690 221 722 μοίρας
229 695 344 721 οὐσιοῦσθαι.
366 699 470 724 ἀριστοτέλης
478 702 497 721 δὲ
508 703 534 721 τὰ
539 702 578 724 μὲν
583 696 613 723 τέ-

109 743 168 759 σσαρα
177 734 243 759 στοιχεῖα
261 737 295 763 κατ᾽
297 735 369 764 εὐθείαν
377 738 467 764 κινεῖσθαι
474 738 548 765 λαβὼν
550 741 585 762 τὸν
587 738 615 761 δὲ

108 773 170 795 οὐρανὸν
179 772 249 801 κύκλῳ
259 780 370 806 φέρεσθαι,
378 785 416 806 ἀπὸ
426 784 458 809 τῆς
463 778 552 807 διαφόρου
563 773 615 805 κινή-
