678 826
136 32 223 61 πράγματα
231 30 302 61 ἀλλοιωτὰ
313 31 341 55 καὶ
342 28 444 54 μεταβλητὰ
461 34 471 49 ὁ
474 30 496 49 δὲ
497 23 529 53 θεός,
538 25 627 60 ἀναλλοίωτος

136 63 169 102 καὶ
172 68 306 97 ἀμετάβλητος.
318 65 424 99 Ἀναλλοιώτως
433 64 470 90 οὖν
471 64 509 91 οἶδε
517 71 542 91 τὰ
551 72 622 104 ἀλλοιωτὰ

136 113 167 142 καὶ
173 107 304 140 ἀμεταβλήτως
316 111 345 133 τὰ
349 109 464 135 μεταβλητὰ.
480 107 527 132 Οὕτως
536 110 563 138 καὶ
569 117 588 134 τὰ
597 111 626 134 ὑπο-

128 152 191 181 χρόνον
197 147 263 173 αἰωνίως
264 150 304 174 οἶδεν
328 148 358 178 καὶ
363 152 389 172 τὰ
398 151 523 181 ἐνδεχόμενα,
533 151 620 181 ἀναγκαίως

137 183 165 224 καὶ
171 190 198 219 τὰ
205 188 302 217 σωματικὰ
314 185 417 215 ἀσωμάτως.
439 193 468 221 Ἀλλ᾽
473 193 501 214 οὐκ
506 183 563 213 ἐπειδὴ
569 188 635 219 γινώσκει

137 239 147 260 ὁ
151 243 177 260 θεὸς
188 232 285 259 ἀσωμάτως
293 235 311 256 τὸ
314 233 371 257 σῶμα,
376 231 475 258 ἠλλοιῶθη
486 231 540 254 ἐκεῖνο
551 230 571 260 καὶ
572 228 632 254 ἀσώμα-

134 282 164 303 τον
171 271 224 304 γέγονε
253 274 280 304 ἀλλ᾽
284 274 294 292 ἡ
295 266 332 295 μὲν
337 272 364 294 τοῦ
372 269 405 298 θεοῦ
470 270 523 299 κατὰ
525 268 553 291 τὴν
561 267 613 291 ἰδίαν
408 272 466 302 γνῶσις

136 315 219 344 ὕπαρξιν
229 314 301 345 γινώσκει
302 314 335 336 τὰ
340 311 427 345 πράγματα
449 309 520 336 ἐκείνων
526 317 543 335 δὲ
546 307 613 338 ἕκαστον

15 347 91 383 ἀπορία.
141 364 193 384 μένει
200 354 234 383 ὅπερ
242 349 292 380 ἐστί.:.
323 359 367 386 Πρὸς
369 356 414 385 γοῦν
420 357 452 378 τοὺς
461 356 568 381 ἀποροῦντας
572 355 603 381 καὶ
605 352 636 377 λέ-

139 400 194 427 γοντας
204 396 214 421 εἰ
218 396 249 421 ἤδει
258 396 268 420 ὁ
270 395 295 421 θεὸς
304 395 331 419 τὸν
337 397 364 421 ἀδὰμ
432 397 527 427 ἐνταλμένα
538 389 627 426 παραβῆναι,
391 389 420 420 τὰ

140 429 179 464 πῶς
186 439 233 464 εἰκὸς
243 435 264 463 ἦν
271 431 337 464 ἐκεῖνον
348 430 424 461 γενέσθαι
438 435 564 464 ἀναμάρτητον,
574 440 580 462 ὃ
593 432 618 464 γὰρ

143 474 234 510 ἐγίνωσκεν
242 483 255 502 ὁ
256 476 285 501 θεὸς
295 481 334 510 πῶς
347 483 359 501 ὁ
363 476 489 509 προτόπλαστος
503 472 598 507 ὑπερβῆναι
607 471 643 500 ἠδύ-

143 525 202 547 νατο.:.
218 521 270 548 Πρὸς
282 521 317 547 οὖν
321 521 356 545 τοὺς
369 521 422 545 οὕτως
433 522 571 548 διαποροῦντας,
578 518 618 541 ἀπο-

13 566 72 593 λύσις.
141 566 201 591 κρίνου
216 564 274 583 εὐθὺς
308 557 342 584 ὅτι
354 563 367 583 ὁ
368 560 395 588 θεὸς
460 559 494 585 τὴν
505 554 566 582 οἰκείαν
575 554 616 578 ἰδιό-
403 558 455 584 κατὰ

138 605 197 628 τητα,
207 600 245 626 οἶδε
256 615 285 628 καὶ
299 604 323 626 τὰ
329 603 426 628 γενόμενα
439 614 470 628 καὶ
475 600 497 623 τὰ
498 600 620 628 γενησόμενα

141 642 173 675 καὶ
181 643 237 676 πάλιν
246 646 280 673 οὐκ
281 646 373 672 ἀλλοιοῦται
383 642 409 666 τὰ
418 639 525 670 πράγματα
547 638 575 673 ἐὰν
583 637 621 666 ἐκεῖ-

141 700 168 716 νος
181 687 283 714 κρειττόνως
295 689 344 719 αὐτὰ
354 689 439 714 ἐπίσταται.
455 688 492 712 Οὐκ
497 686 556 710 ἐπειδὴ
564 681 625 703 τοίνυν

143 730 222 755 ἠπίστατο
231 727 262 755 ὅτι
274 734 352 752 πεσεῖται
361 724 399 756 ὑπὸ
406 724 433 746 τὴν
440 725 535 755 ἁμαρτίαν
545 723 553 743 ὁ
558 719 625 746 ἀδάμ,

500 758 583 792 ἁμαρτίας
143 771 154 790 ἡ
157 770 224 794 γνῶσις
237 765 288 790 αὐτοῦ
289 765 357 792 αἰτία
368 768 397 794 τῷ
406 763 450 801 ἀνθρώπῳ
455 762 497 791 τῆς
589 762 623 793 ἐγέ-
