627 808
45 46 68 65 τὰ
74 45 100 64 τῆς
104 42 153 68 ψυχῆς
160 38 192 62 ἤθη
200 37 321 63 ἀνασκοπεῖται.
337 35 372 57 Τίνα
373 38 393 55 τέ
394 37 425 56 εἰσι
441 46 465 57 καὶ
473 34 502 54 πῶς
503 30 545 69 ἔχει

53 81 98 108 πρὸς
105 84 166 108 ἄλληλα
181 82 225 103 ποτὲ
234 75 256 99 αὖ
261 80 278 99 τὸ
282 80 320 100 ζῶον
325 79 385 101 θεωρεῖ
386 75 410 101 τί
492 82 519 95 καὶ
526 72 547 88 τί
417 73 475 101 πράττει

54 125 147 144 παραβαίνει
155 133 182 147 καὶ
189 117 209 141 τί
213 120 272 148 ἐλλείπει.
288 120 339 142 Μέσα
345 121 362 136 δὲ
368 114 444 140 λέγονται,
453 115 475 149 ὡς
479 111 539 137 μεταξὺ

53 166 131 186 κείμενα
135 164 169 183 τῶν
170 160 242 186 νοερῶν
245 158 296 184 λόγων
304 154 334 181 καὶ
340 153 370 174 τῶν
373 152 490 178 δοξαστικῶν:-

37 197 85 228 Tίς
86 196 105 228 ἡ
109 197 203 229 βούλησις
211 196 245 224 καὶ
246 192 271 219 τίς
278 194 294 216 ὁ
295 191 397 220 πρακτικὸς
409 186 465 212 λόγος:-

15 225 56 282 Ἡ
51 243 132 260 βούλησις,
137 238 184 261 περὶ
190 250 207 259 τὸ
208 224 268 259 λογικὸν
273 234 329 261 μόριον
341 229 370 254 ἐστὶ
375 231 407 253 τῆς
408 232 456 260 ψυχῆς
469 234 506 249 κινεῖ
507 225 539 250 μὲν
583 220 613 245 ογ´.

426 267 463 297 ἄνευ
48 283 80 306 γὰρ
86 282 112 305 τὴν
117 264 177 307 ὄρεξιν,
182 279 201 299 τὸ
205 278 259 305 ἐφετόν.
273 267 313 298 Ἐπεὶ
314 272 339 294 δὲ
340 275 381 293 τοῦτο
389 271 421 298 οὐκ
469 264 541 293 λογισμοῦ

52 319 200 348 προαιρούμεθα,
207 320 232 341 ἡ
236 319 268 340 κατ᾽
269 316 302 336 αὐτὸ
310 313 394 341 ἐνέργεια,
395 309 510 329 βουλευτικὴ
517 309 544 333 ὀρ-

52 367 78 384 μὴ
88 361 176 385 ὀνομάσθη
191 360 252 384 ἑτέρα
256 352 302 375 οὖσα
305 355 340 374 τοῦ
341 351 421 375 λογισμοῦ.
439 350 531 375 Πρακτικὸς

54 400 72 433 δέ
78 404 110 421 ἐστι
112 401 189 424 λογισμός,
206 399 217 419 ἡ
221 396 268 419 μετὰ
275 394 309 417 τὴν
317 392 375 420 ὄρεξιν
379 391 405 410 τοῦ
413 388 476 417 έφετοῦ
477 388 549 413 μετα-

56 439 139 463 λογισμοῦ
144 437 208 464 πρᾶξις
212 436 237 459 τὲ
241 435 275 459 καὶ
280 435 363 460 ἐνέργεια.
380 436 421 454 Τοῦτο
426 434 446 452 δέ
449 434 475 453 σοι
481 427 513 451 ἴστω
514 428 547 449 ὅτι

55 483 106 515 ψυχῆς
115 477 228 500 ἀπολυθείσης
235 478 322 503 σώματος
328 475 357 499 καὶ
368 474 398 498 ἔτι
411 473 489 498 παρούσης
497 471 518 491 ἐν
520 469 550 494 τῷ

61 527 131 545 σώματι,
133 523 163 546 οὐχ
168 526 177 545 ὁ
179 521 221 539 αὐτός
225 515 262 541 ἐστι
270 518 349 545 λογισμὸς
368 513 425 535 ἐπειδὴ
434 506 467 531 τοῖς
475 508 552 535 κρείττοσιν

58 565 173 585 ἀφομοιοῦται
183 563 193 582 ἡ
198 560 243 586 ψυχὴ
258 559 286 586 τῷ
287 553 320 578 θεῷ
324 554 427 580 ἀρχαγγέλοις
437 549 503 579 ἀγγέλοις
514 546 555 578 καὶ

58 598 95 623 ταῖς
99 603 169 630 λοιπαῖς
177 597 279 622 δυνάμεσι,
287 594 321 615 διὰ
327 596 367 615 τοῦτο
374 593 405 618 καὶ
411 593 434 614 τὰ
440 590 482 617 ἔργα
483 590 540 609 αὐτῆς

58 641 82 662 τὰ
83 638 119 662 μέν,
128 638 170 661 θεῖα
183 640 212 659 τὰ
213 640 229 658 δὲ
238 634 357 663 ἀρχαγγελικὰ
368 632 389 654 τὰ
390 634 418 653 δὲ
419 626 490 660 ψυχικὰ
503 628 529 650 τὰ
533 625 555 650 δὲ

61 679 114 701 ἀνθρώπινα
128 683 147 699 τὰ
152 682 179 702 δὲ
183 677 255 701 ἐναντία
271 666 302 698 ἵνα
306 671 338 701 μὴ
343 676 367 696 τὰ
373 670 458 695 ὀνόματα
462 669 504 699 λέγω.
518 679 548 694 Με-

55 720 138 746 ταβάλλει
146 716 179 749 γὰρ
187 717 222 746 τὰς
232 716 336 740 ἐνεργείας
353 716 399 740 πρὸς
403 716 426 733 ἃ
432 716 534 738 λαμβάνει

66 750 95 786 καὶ
103 750 130 783 τὴν
137 756 261 784 ὁμοίωσιν:-
