628 832
60 48 130 70 ζέφυρος
139 56 162 69 καὶ
168 39 211 70 εὖρος.
225 43 241 64 Ὁ
245 50 262 66 δὲ
268 44 339 70 ζέφυρος
348 47 377 66 κατ᾽
378 43 431 63 οὐσίαν
436 43 473 65 μὲν
481 43 509 63 ἐστὶ
510 30 562 73 ψυχρὸς

63 86 102 118 καθ᾽
103 86 117 119 ὃ
122 86 144 107 δὲ
151 87 168 114 ἐν
172 85 193 103 τῷ
196 88 245 111 θέρει
249 87 287 109 πνεῖ,
288 88 416 109 νοθευόμενος
417 86 523 108 θερμένεται.

59 133 68 151 Ὁ
74 126 91 148 δὲ
92 126 155 152 βορέας
163 121 194 144 διὰ
198 126 217 144 τὸ
220 126 293 145 πλῆθος
300 125 327 144 τῆς
339 122 485 145 ἀναθυμιάσεως,
497 118 520 143 ἀεὶ
525 122 540 139 ἀ-

58 165 125 192 ποσοβεῖ
126 165 150 188 τὰ
151 166 204 191 νέφη
215 174 240 186 καὶ
247 159 310 185 εὐδίαν
316 160 362 186 ποιεῖ
373 159 426 183 πλὴν
432 158 471 180 ὅταν
472 156 514 180 μὲν
521 169 546 181 μὴ

54 198 118 225 ψυχρὸς
128 205 171 226 πνεῖ
185 207 196 224 εἰ
201 202 220 222 δὲ
226 198 246 223 εἴη
251 198 326 226 ψυχρός,
335 196 415 226 παχύνη
419 198 456 220 τὴν
457 198 540 227 ἀτμίδα,

57 239 108 275 πρινὴ
121 243 235 270 ἀποσοβῆσαι
241 241 258 260 τὸ
264 242 320 266 νέφος
328 249 357 264 καὶ
365 239 409 263 ποιεῖ
416 234 461 257 ὑετόν.
477 237 507 258 Καὶ
522 239 544 260 οἱ

57 283 91 309 μὲν
99 287 130 309 κατ᾽
133 278 208 309 ἀντικρὺ
215 279 291 308 ἄνεμοι,
299 282 316 300 οὐ
323 278 398 301 δύνανται
409 278 450 302 ἅμα
458 278 504 301 πνεῖν
519 278 527 304 ὁ
533 278 552 302 δὲ

59 328 103 352 καθ`
106 324 158 349 ἡμᾶς
159 322 218 349 νότος,
228 324 258 345 οὐκ
262 320 305 344 ἀπὸ
312 317 353 344 νότου
365 323 391 343 τοῦ
399 319 459 343 παντὸς
467 320 513 342 πνεῖ,
516 321 544 347 ἀλλ᾽

58 364 93 390 ἀπὸ
94 366 124 385 τοῦ
125 366 198 388 θερινοῦ
199 360 297 388 τροπικοῦ:-
320 360 382 390 Περὶ
396 360 517 388 τυφῶνος:-

6 390 55 456 Ὁ
55 393 117 429 τυφῶν
128 399 198 428 ἄνεμος
207 401 248 427 ἐστίν,
257 396 283 423 ὃν
291 403 299 422 ὁ
300 398 342 425 μὲν
350 405 411 426 ὅμηρος
417 394 502 421 θύελλαν
510 401 540 422 ὀνο-
581 398 609 426 ξη´.

53 441 105 470 μάζει
123 446 133 465 ὁ
138 442 159 464 δὲ
164 443 269 469 ἀριστοτέλης,
277 441 314 462 ἀπὸ
319 442 349 460 τοῦ
355 440 405 470 παχὺ
415 440 452 461 εἶναι
457 440 470 459 τὸ
476 440 548 463 πνεῦμα

55 482 86 510 καὶ
94 481 124 513 οἷον
128 485 185 508 τύπειν
192 482 211 510 τὸ
215 479 302 512 παρατυχόν,
316 482 387 507 τυφῶνα.
410 478 454 500 Αἰτία
455 477 483 506 δὲ
489 482 549 504 τούτου,

60 525 108 548 ἀτμὶς
119 521 182 552 παχεῖα
195 520 265 545 ἄνωθεν
275 519 313 544 ἀπὸ
319 521 353 544 τῶν
362 523 420 549 νεφῶν
429 515 534 551 φερομένη

60 554 137 588 κατευθὺ
142 564 174 586 ἐπὶ
182 563 194 583 τὸ
195 562 292 587 καταντὲς
315 562 326 587 ἢ
333 556 378 586 κατὰ
385 563 415 582 τῆς
422 554 515 588 θαλάσσης
526 555 550 581 ὅτι

62 601 197 631 προσπταίουσα
204 597 251 624 τινὶ
260 599 351 627 ἀντιτύπῳ
363 599 445 628 σώματι,
458 597 560 627 ἀναπάλλεται

59 643 81 676 εἰς
88 645 168 667 τοὐπίσω.
185 641 249 667 Ἐπειδὴ
253 648 276 666 δὲ
287 644 381 667 κωλύεται
384 637 412 668 τὸ
416 637 550 666 ἀναπαλλόμε-

50 688 96 712 νον
100 686 154 708 αὐτῆς
153 687 203 710 μέρος
215 687 247 705 εἰς
249 685 279 708 τοὐ
283 681 333 706 πίσω
343 681 472 710 ἀναπάλλεσθαι
477 676 522 701 ὑπὸ
521 671 555 700 τοῦ

60 724 135 747 ὄπισθεν
144 724 329 745 ἐπακολουθοῦντος
342 727 390 747 αὐτῆ
391 724 449 752 μέρους
471 714 511 744 ἐπὶ
517 716 541 741 τὰ

63 762 129 795 πλάγια
135 767 157 788 δὲ
158 763 232 790 κλᾶται
237 761 286 786 εἶτα
296 760 380 790 κἀκεῖσε
391 760 480 785 ἀντιτύπῳ
489 759 571 785 συναν-
