673 821
47 70 79 110 καὶ
87 78 94 102 ὁ
102 73 138 98 μὲν
145 72 204 96 κρόνος
475 69 524 98 μείζο
214 69 256 97 ἅτε
261 73 350 96 ὑψηλότερος
359 70 394 98 τῶν
398 71 444 92 ἄλλων
454 72 470 91 καὶ

46 124 71 139 να
77 117 140 138 κύκλον
148 116 282 142 περιερχόμενος,
297 117 327 137 διὰ
334 105 477 136 τριακονταετίαν
482 110 516 134 τὴν

49 151 97 182 αὑτοῦ
289 154 302 173 ὁ
102 151 180 173 περίοδον
188 149 279 178 ἐκπληροῖ.
470 140 526 171 αὐτὸν
307 152 319 175 δὲ
327 149 362 172 ζεὺς
366 146 425 171 εὐθὺς
430 146 467 170 μετ᾽

49 191 68 214 ὤν,
77 189 107 213 διὰ
111 185 221 212 δωδεκαετίαν
228 185 239 212 ὁ
246 184 263 209 δὲ
267 182 306 213 ἄρης,
312 189 348 208 διὰ
353 183 381 207 δύο
389 186 404 213 καὶ
420 185 504 208 ἡμίσεως
499 183 531 209 ἐνι-

49 231 99 256 αυτῶν
113 229 137 257 τῷ
141 228 162 258 δὲ
166 223 214 250 ἡλίῳ
429 221 471 247 ἑρμῇ,
220 220 240 250 καὶ
242 223 265 251 τῇ
269 220 367 247 ἀφροδίτῃ
373 223 393 252 καὶ
400 225 424 249 τῷ
481 217 522 250 ἰσό-

37 268 109 292 δρομος
115 265 125 295 ἡ
131 267 202 289 περίοδος
212 264 227 290 καὶ
234 263 326 286 ἐνιαύσιος.
338 263 348 286 ἡ
354 263 371 283 δὲ
378 260 447 288 σελήνη,
452 261 495 291 διὰ
499 253 530 288 κθ´

46 306 108 329 ἡμερῶν
116 298 153 328 πρὸς
158 302 183 323 τῇ
187 298 248 326 ἡμισείᾳ
259 297 389 327 ἀποκαθίσταται.
404 303 419 323 εἰ
425 302 444 323 δε
445 303 477 324 τις
478 303 527 323 μουσι-

46 341 117 368 κώτερον
122 334 196 369 ἅπτοιτο
242 340 326 370 τούτων
333 341 426 365 ἀριθμῶν,
437 340 460 368 τῇ
463 338 487 365 τοῦ
493 343 512 364 δη-
201 338 236 370 τῶν

45 378 126 406 μιουργοῦ
130 373 186 410 σοφία
192 380 303 407 θαυμάσεται,
316 383 351 404 πῶς
359 376 438 400 ἅπαντες
445 379 459 409 οἱ
464 377 499 402 τῶν
504 380 527 405 συ-

36 418 138 443 μφωνιῶν
141 415 194 448 λόγοι,
262 416 347 447 τοιούτοις
206 421 222 443 ἐν
224 417 258 445 τοῖς
352 415 469 442 ἐμφαίνονται
480 417 491 443 ὁ
495 411 528 444 διὰ

49 460 107 490 πασῶν
119 458 131 484 ὁ
135 459 163 485 διὰ
171 455 232 483 πέντε
309 450 403 484 τεσσάρων:-
239 460 259 485 καὶ
263 464 273 486 ὁ
274 454 302 492 διὰ
401 451 436 480 Περὶ
440 459 475 480 τῶν
481 447 539 480 ἀστέρων

72 503 151 530 τοσοῦτον
279 496 349 521 Ἑλλήνων
154 497 167 524 ἡ
171 494 239 524 ματαία
242 495 275 528 τῶν
361 494 402 517 τῶν
409 487 494 519 καλουμένων
496 485 587 516 διοσκούρων:-
606 492 653 528 μθ´.
12 489 44 550 Ἐ
43 508 69 526 πὶ

493 532 520 560 νε
44 539 92 560 σοφία
102 537 199 564 ἠπάτηται
209 537 240 560 ὅτι
246 540 269 565 καὶ
273 527 301 564 τὰ
305 528 450 561 παραλάμποντα
456 529 490 564 δύο

47 572 119 599 φύδρια
122 569 159 597 κατὰ
162 574 183 596 τὴν
190 575 246 596 ποιὰν
418 569 450 603 τοὶς
252 571 312 601 αὐτῶν
316 573 388 596 κίνησιν
397 572 415 597 καὶ
455 574 533 601 παραπλέ

49 614 87 637 ουσιν
95 615 130 639 ἐπί
135 616 179 634 νεὼς
187 614 348 640 ἐμφαινόμενα.
489 607 523 637 διο
350 610 368 639 εἶναι
388 611 437 639 φασὶν
444 611 484 634 τῶν

46 644 119 674 σκούρων
128 650 198 679 ψυχάς.
210 645 294 676 διοσκούρους
305 660 323 675 δὲ
331 652 459 675 ὀνομάζουσιν,
460 644 492 681 οἷον
502 647 539 674 διὸς

47 688 112 714 παῖδας,
117 692 147 719 τὸν
153 689 225 717 κάστορα
415 691 454 719 τοὺς
232 689 251 721 καὶ
252 689 284 721 τὸν
287 697 403 717 πολυδεύκην,
462 691 485 714 τῆς
492 684 544 718 ἑλένης

44 726 124 757 ἀδελφούς.
142 725 213 751 ἑλένης
219 728 238 749 δὲ
245 731 301 757 φημί,
317 724 382 758 ἐκείνης
387 729 415 751 τῆς
422 725 535 757 γαμηθείσης

43 771 74 790 μὲν
78 770 103 789 τῷ
107 774 192 794 μενελάῳ
197 766 225 795 τῷ
235 765 313 794 σπάρτης
318 767 398 791 βασιλεῖ
409 764 535 797 ἁρπαγείσης
