667 857
112 32 184 57 τιθείς,
197 36 239 54 οὔτε
246 37 325 56 θερμὸν
334 34 378 57 λέγει
389 36 418 56 τὸν
425 30 479 56 ἥλιον,
493 28 532 54 οὔτε
540 28 590 60 ἄλλην
598 36 636 63 ποι-

119 71 172 97 ότητα
181 73 243 101 ἔχοντα.
261 69 311 95 Εἴποι
315 78 331 96 δ᾽
361 72 488 99 ἐρωτώμενος
496 74 534 97 πῶς
540 77 569 98 μὴ
572 76 617 103 θερ-
334 72 354 97 ἂν

499 112 610 137 ὑπέκαυμα
116 114 156 140 μὸς
164 106 187 135 ὢν
196 117 295 142 θερμένει,
315 112 350 140 ὅτι
355 110 466 137 κινούμενος
474 111 494 141 τὸ

117 155 166 184 ποιεῖ
180 157 210 180 καὶ
219 157 247 177 τὸν
254 154 331 178 περίγειον
343 149 398 179 ἀέρα
416 159 523 182 κἀντεῦθεν
530 152 629 179 θερμότα-

116 196 150 219 τος
157 197 190 219 τοῖς
198 193 330 220 ὑποκειμένοις
339 194 447 220 καθίσταται
458 197 523 223 αἴτιος.
568 196 591 219 δὲ
536 199 563 218 τοῦ
595 189 633 222 ὑπε

117 232 234 263 κκαύματος
239 237 276 263 καὶ
281 237 314 259 τὴν
322 237 380 266 φύσιν
393 238 423 264 καὶ
431 239 451 267 τὸ
455 235 523 265 ὄνομα,
531 240 578 262 αὐτὸς
584 241 636 265 πρῶ-

114 279 146 302 τος
155 285 192 302 καὶ
203 279 275 309 ἐφεῦρε
283 277 320 304 καὶ
324 277 427 307 ὠνόμασεν.
441 272 578 303 ὑπέκκαυμα
582 271 622 299 οὖν

113 319 162 345 λέγει,
176 324 213 344 τὴν
219 318 392 349 ἀναπεμπομένην
506 318 618 348 ἀναθυμί-
403 320 428 343 ἐκ
431 317 462 349 τῆς
468 315 504 347 γῆς

102 367 147 384 σιν
151 361 240 391 θερμὴν
249 367 282 389 καὶ
288 368 348 392 ξηρὰν
360 365 388 390 καὶ
400 364 439 393 οἷον
449 363 546 393 καπνώδη.
566 354 614 390 αὕτη

111 401 155 434 οὖν
164 404 175 435 ἡ
181 401 285 431 καπνώδης
292 404 440 426 ἀναθυμίασις
444 403 498 431 μέχρι
505 404 536 432 τῆς
540 406 615 433 σελήνης

117 445 220 475 ἀναγωμένη
227 448 262 473 διὰ
383 447 433 473 εἶτα
440 444 541 472 κινουμένη
552 439 609 474 κατὰ
266 444 363 468 κουφότητα,

116 488 179 513 μέρος,
193 489 271 518 ἐξάπτει
279 486 313 514 καὶ
322 486 346 512 ὡς
351 486 386 517 πῦρ
392 486 479 518 φαίνεται
498 500 526 515 καὶ
532 486 621 518 θερμένει

110 531 151 553 τὴν
159 524 296 554 ὑποκειμένην
309 526 374 553 οὐσίαν.
391 528 419 554 ὅτι
427 536 450 554 δὲ
459 530 472 553 ἡ
478 526 556 554 κίνησις
559 523 636 554 θερμό-

114 573 164 603 τητα
171 571 217 594 ποιεῖ,
228 570 319 593 δηλοῦσιν
602 569 636 597 κι-
326 569 347 597 αἱ
354 571 415 596 ἀκίδες
419 572 466 593 τῶν
570 566 595 596 γὰρ
468 570 529 597 βελῶν.
536 567 568 601 τῇ

118 609 170 636 νήσει,
173 606 246 636 λύουσει
250 610 278 636 τὸν
288 610 410 638 ἐπικείμενον
419 615 474 638 αὐταῖς
482 614 587 644 μόλιβδον:-

95 651 154 680 Πόσος
162 650 232 676 ἑκάστου
234 651 265 676 τῶν
272 650 357 679 πλανήτων
359 652 377 684 ὁ
380 654 445 682 χρόνος
454 653 489 685 τῆς
497 654 600 683 περιόδου:-

66 690 118 742 Τ
370 695 405 722 τὴν
524 696 569 725 τοῦ
13 691 48 722 μη´.
155 697 244 723 πλάνησι
253 697 305 718 πᾶσι
311 695 358 727 κατὰ
413 692 525 722 ἀναλογίαν
574 691 642 720 μεγέ-
123 697 151 724 οῖς

530 733 638 762 ἀποστάσε-
489 736 524 761 τῶν
113 737 167 765 θους
174 733 213 766 τῶν
220 737 312 762 σφαιρῶν
318 739 355 761 καὶ
362 734 397 758 τοῦ
399 734 482 761 μέτρου

510 777 542 803 τῶν
241 781 359 804 ὡρισμένους
370 783 462 801 ἀφόρισεν
114 782 146 804 ων,
151 782 231 803 χρόνους
466 776 481 804 ὁ
489 779 509 801 θεὸς
550 771 634 802 κινήσεων.
