635 827
24 38 59 86 ζ.
106 51 136 76 ὔτε
143 47 204 77 οὐρανὸς
211 48 222 71 ὁ
227 44 267 78 θεός,
312 53 322 75 ὁ
329 47 384 75 ἥλιος
391 48 432 79 οὔτε
439 48 474 74 ἄλλό
478 47 497 77 τι
501 45 532 77 τῶν
537 46 575 76 ὁρω-
270 49 309 73 οὔτε
70 47 103 88 Ο

105 90 184 116 μένων
192 90 219 114 ἀλλ᾽
228 86 254 112 οὐδ᾽
255 88 275 115 ὁ
273 89 384 113 πολυτίμητος
397 93 430 115 καὶ
433 87 571 115 πολυθρύλλητος

108 123 142 149 νοῦς.
160 131 200 151 οὐδὲ
206 125 254 152 ἰδέα
255 123 282 150 τὶς
295 124 338 150 κατὰ
346 124 437 152 πλάτωνα
437 126 514 158 χωριστὴ
519 125 591 154 σώματος

105 169 130 195 ἀλλ᾽
139 167 173 196 οὐδὲ
183 167 237 197 φύσις
245 165 294 190 ὅλως
305 168 411 195 ἐγκόσμιος
418 166 440 196 ἢ
443 165 567 196 ὑπερκόσμιος

103 208 137 236 ἀλλ᾽
140 211 180 232 οὐδὲ
187 203 226 233 ζωὴ
276 206 321 234 φῶς
231 203 273 233 οὐδὲ
548 203 593 235 ἀϋλία
335 204 362 234 οὐκ
369 200 499 230 ἀσωματότης
516 205 544 233 οὐκ

104 244 147 273 οὔτε
152 242 213 269 αἴσθησις
217 242 287 271 θεατή,
299 244 342 273 οὔτε
348 241 373 273 νῶ
458 244 498 277 ἀλλά
500 245 519 279 τις
528 247 585 274 ἑτέρα
380 242 438 277 ληπτὴ

102 285 165 316 φύσις
173 285 314 312 ἀνεξερεύνητος
324 290 341 311 καὶ
347 288 472 316 ἀνεξιχνίαστος,
547 284 593 317 ὑπε-
482 285 543 316 πᾶσαν

106 322 244 355 ρεκπίπτουσα
259 324 333 350 ἔννοιαν
349 327 366 357 καὶ
373 326 428 354 νόμον
437 332 468 355 καὶ
475 331 544 357 φύσεως
562 331 589 355 νῷ

565 363 596 396 γὰρ
104 369 159 392 μόνῳ
167 364 346 393 σκιαγραφουμένη
365 372 399 399 οὐκ
404 369 436 394 ἀπὸ
443 370 473 396 τῆς
481 366 536 393 οὐσίας.
545 365 560 396 τίς

103 399 149 437 ἔγνω
155 401 219 430 οὐσίαν
464 402 489 440 ἐξ
230 404 267 437 θεοῦ.
282 408 311 439 ἀλλ᾽
316 404 443 436 εξαϊδιότητος
494 402 595 433 ἀγαθότητος

345 442 440 477 ἀπειρίας
100 453 129 470 ἐκ
135 448 166 469 τῆς
178 443 341 471 παντοδυνάμου
455 448 489 473 ἀπὸ
498 441 609 471 δικαιωμάτων

104 485 148 511 ἀπὸ
160 486 278 515 οἰκονομιῶν
292 487 342 512 ἀπὸ
347 485 421 519 κρίσεως.
440 483 482 511 οὗτος
490 484 528 514 πατὴρ
537 481 567 513 ἐστὶ
569 488 594 511 καὶ

106 522 139 557 υἱὸς
148 527 163 556 καὶ
173 521 217 559 ἅγιον
224 528 280 556 πνεῦμα
295 527 351 551 οὐσία
437 523 488 552 τρισὶν
357 525 403 551 μία
413 531 435 554 ἐν
497 523 597 550 ὑποστάσεσι

570 560 594 601 καὶ
103 570 137 592 καὶ
147 566 178 589 τοῖς
182 566 345 595 χαρακτηριστικοῖς
352 564 468 593 ἰδιώμασιν.
479 567 502 589 ἓν
509 568 525 590 ἐν
529 563 564 589 τρισί,

108 613 137 633 τὰ
144 605 187 635 τρία
197 604 226 630 ἓν
244 605 290 633 κατὰ
299 610 328 631 τὸν
337 601 425 631 θεολόγον
429 602 549 634 Γρηγόριον:-

391 642 425 671 καὶ
193 644 252 675 Περὶ
265 642 379 669 δαιμόνων
430 639 529 671 ἡρώων:-

20 676 42 708 η´.
69 668 107 718 Ἡ
163 683 209 711 καθ᾽
212 685 273 712 ἡμᾶς
279 684 366 715 εὐσέβεια,
383 687 455 713 πάντας
459 680 496 715 τοὺς
497 680 574 712 δαίμονας
109 685 159 710 μὲν

571 712 594 741 περὶ
100 727 168 751 κακοὺς
182 724 201 752 καὶ
205 722 281 753 ἀρχηγοὺς
291 727 360 753 κακίας
362 725 476 755 ἀποφένεται.
490 717 547 749 Ἕλληνες
552 717 567 745 δὲ

105 762 138 788 τὸν
139 763 205 790 κόσμον
211 764 274 792 τούτους
284 764 407 792 διαιροῦντες
414 766 432 793 καὶ
441 763 472 792 περὶ
476 761 508 785 τὰς
512 756 582 780 τάξεις
