788 805
182 12 300 42 σύντομοι
307 12 354 42 καὶ
357 7 462 45 ἐξηγήσεις
473 9 597 44 ἀποριῶν
608 13 680 41 φυσι-
59 14 165 53 Ἐπιλύσεις

184 55 330 91 σοφωτάτου
338 58 428 89 ψελλοῦ
438 52 556 87 γραφεῖσα
564 49 629 90 πρὸς
636 53 675 81 τὸν
59 64 132 89 κῶν
136 61 184 88 τοῦ

77 100 189 139 βασιλέα
194 108 237 141 κὺρ
239 98 335 143 μιχαὴλ
341 100 391 134 τὸν
398 108 523 135 δοῦκαν:-
539 105 599 136 Περὶ
601 101 700 139 φύσεως

179 155 280 193 δύναμις
75 159 120 197 ύσις
130 166 167 195 ἐστί,
292 163 422 192 ὀφθαλμοῖς
430 157 485 194 μὲν
494 162 607 192 ἀθέατος
621 163 647 190 νῶ
651 162 681 191 δὲ
747 144 779 180 α´.
24 154 63 222 Φ

644 204 691 241 θεοῦ.
243 210 288 233 τοῖς
69 207 227 238 θεωρητική,
293 207 406 237 σώμασιν
410 206 563 237 ἐσπαρμένη
575 205 634 237 παρὰ

153 257 262 288 κινήσεως
79 252 143 292 ἀρχὴ
277 257 323 292 καὶ
330 250 454 293 ἡρεμίας.
464 252 522 288 αὕτη
530 251 570 292 γάρ
573 258 622 290 ἐστιν
628 261 645 284 ἡ
647 269 667 283 κι-

80 313 147 336 νοῦσα
157 313 199 335 τὰ
202 301 297 342 φυσικὰ
306 302 425 340 σώματα,
439 308 475 338 καὶ
488 302 554 336 αὖθις
564 302 660 341 ἡρεμεῖν

80 362 183 390 ποιοῦσα.
208 357 296 390 πάντα
306 357 339 391 γὰρ
348 363 379 385 τὰ
384 356 488 389 σώματα
502 353 547 387 οἷον
550 356 580 384 τὰ
587 357 668 396 στοιχεῖα

77 423 113 443 καὶ
126 415 154 438 τὰ
166 411 199 437 ἐκ
203 407 290 438 τούτων
298 405 453 447 συγκείμενα,
467 413 484 437 εἰ
492 404 532 440 καὶ
538 404 593 438 ὑπὸ
595 404 638 434 θεοῦ
643 404 687 442 τὴν

80 453 171 490 κίνησιν
181 474 223 493 καὶ
231 461 272 488 τὴν
280 451 379 498 ἡσυχίαν
381 459 436 495 ἔχει,
453 459 514 499 ἀλλὰ
521 462 643 499 προσεχῶς
647 455 689 493 ὑπὸ

74 502 165 540 φύσεως
177 505 277 537 κινεῖται.
299 518 382 536 πολλὰ
388 502 443 536 μὲν
449 503 486 542 γὰρ
499 502 543 538 εἰσὶ
549 508 580 533 τὰ
586 505 678 539 κινοῦντα

71 564 106 586 τὰ
115 554 218 593 σώματα.
239 561 341 594 πρῶτον
368 554 400 593 θεὸς
347 561 362 597 ὁ
414 565 459 588 εἶτα
468 561 482 586 ὁ
487 560 527 588 νοῦς
552 565 592 587 εἶτα
600 558 613 583 ἡ
618 556 671 597 ψυχή,

304 607 379 644 φύσις
75 608 125 645 ἀλλὰ
281 607 300 640 ἡ
130 611 278 635 τελευταῖον
402 607 453 642 ἥτις
456 606 510 641 οἷον
515 605 609 639 ὄργανον
614 611 665 640 ἐστὶ

70 661 122 684 τοῦ
126 661 179 690 θεοῦ.
192 656 236 688 τὸν
247 657 299 688 μὲν
307 665 334 695 γὰρ
341 657 399 691 ἄνθρωπον
460 655 497 685 τὰ
505 661 569 690 ζῶα,
576 661 635 688 κινεῖ
640 658 677 689 καὶ
414 651 453 687 καὶ

80 700 95 730 ἡ
97 704 155 744 ψυχὴ
169 722 205 741 καὶ
216 708 231 734 ἡ
238 706 319 745 φύσις
327 709 358 735 τὰ
365 708 390 734 δὲ
396 700 489 739 σώματα
506 703 528 746 καὶ
531 710 566 736 τὰ
570 708 647 741 ἁπλᾶ
650 712 675 745 καὶ

73 753 105 799 τὰ
109 760 206 790 σύνθετα,
219 754 291 789 μόνη
317 754 383 793 φύσις
296 754 310 790 ἡ
392 758 455 783 κινεῖ.
469 749 490 795 καὶ
496 751 549 788 πάλιν
550 755 606 786 ἵστησι
616 752 647 788 τῆς
649 756 763 789 κινήσεως:-
