643 825
46 43 66 61 τὸ
71 49 108 63 μὲν
113 41 173 62 λεπτὸν
187 40 216 64 καὶ
227 37 299 64 πότιμον
311 37 355 68 ὕδωρ,
365 40 398 63 οὐθ᾽
399 40 432 66 ὑπὸ
433 40 488 62 ἡλίου
496 42 546 65 καιό-

46 85 106 109 μενον
116 80 202 110 πήγνηται,
209 74 239 108 οὔθ᾽
241 82 275 106 ὑπὸ
285 85 366 106 κεραυνοῦ
372 82 390 104 τὸ
395 83 416 103 δὲ
422 82 496 109 ἁλμυρόν,
501 78 539 107 ὑπ᾽

56 124 167 151 ἀμφοτέρων
174 118 220 141 τοῦτο
227 122 285 147 πάσχει
299 128 332 144 καὶ
337 123 403 150 μάλιστα
410 120 455 146 ὑπὸ
458 122 542 148 κεραυνοῦ.

45 167 135 194 Θειῶδες
142 162 173 185 γὰρ
177 164 194 185 ὂν
199 161 215 183 τὸ
219 161 318 185 κεραύνιον
323 161 352 185 πῦρ
370 160 408 191 ὅταν
415 165 444 188 εἰς
446 162 476 182 τὴν
481 161 529 185 θάλα-

41 211 94 226 σσαν
105 204 174 227 ἐμπέση,
177 198 277 227 ἐξατμίζει
279 200 315 225 μὲν
326 211 355 226 καὶ
360 197 471 226 ἀναξηραίνει
474 200 504 222 τὸ
505 197 531 224 πό-

37 248 100 272 τιμον
110 240 156 264 ὕδωρ.
176 241 251 265 Πήγνυσι
258 236 277 267 δὲ
317 241 331 260 τὸ
343 237 413 260 γεῶδες
419 239 449 263 καὶ
455 238 530 265 ἁλμυρόν,
286 235 313 273 καὶ

50 277 92 307 ὅθεν
100 279 176 307 ἄσηπτα
182 273 222 307 μὲν
227 281 243 303 οἱ
244 279 341 309 κεραυνοὶ
351 281 380 301 τὰ
388 278 465 305 σώματα
469 281 540 304 ποιοῦσιν.

51 315 124 347 Ἄσηπτα
130 326 151 345 δὲ
159 323 176 344 οἱ
179 320 216 351 ἅλες
225 322 393 351 διαφυλάττουσιν,
403 318 529 342 ἐκτηκομένης

44 360 86 388 ὑπ᾽
87 363 136 386 αὐτῶν
145 367 168 385 τῆς
175 358 265 389 ὑγρότητος.
288 362 354 384 Ταύτην
363 361 394 383 τὴν
406 353 473 381 αἰτίαν
485 369 510 380 καὶ
520 358 529 378 ὁ

38 404 139 430 ἀριστοτέλης
150 400 264 430 ἀποδέχεται
277 412 307 426 καὶ
317 401 330 420 οἱ
334 396 413 425 κρείττους
420 401 450 421 τῶν
456 399 547 427 φυσικῶν:-

11 429 52 487 Ἡ
50 445 169 476 μυθευομένη
182 431 231 471 παρὰ
237 446 264 463 τοὶς
273 442 332 464 πολλοῖς
347 438 384 469 Περί
385 434 438 463 τινων
445 436 558 464 λυμνῶν:-
596 433 628 470 ξε´.

52 496 112 511 νεκρὰ
116 483 193 512 θάλασσα,
211 482 222 502 ἡ
229 482 252 502 ἐν
256 482 352 509 παλαιστίνη,
353 482 447 509 παχυτάτη
457 482 507 498 οὖσα
514 488 532 503 ἁλ-

54 525 146 545 μυροτάτη
152 514 181 545 ἐστὶ
188 521 254 545 πάντων
260 521 292 544 τῶν
299 518 362 542 ὑδάτων
379 522 410 544 καὶ
420 517 457 541 πᾶν
463 516 484 537 τὸ
492 516 524 541 ἐμ-

62 558 155 587 βαλόμενον
171 558 218 580 αὐτῆ
227 560 284 583 σῶμα
304 555 401 581 ἀνωθεῖται
407 553 449 580 ὑπὸ
454 557 484 578 τοῦ
491 549 543 576 ὕδατος

54 604 79 630 καὶ
88 607 102 628 οὐ
109 602 167 630 γίνεται
176 597 290 626 ὑποβρύχιον.
518 596 562 625 θερ-
309 602 342 625 Πᾶν
345 600 372 621 δὲ
373 595 421 624 ὕδωρ
429 599 511 620 ἁλμυρόν,

49 656 80 669 μὸν
86 642 123 665 μὲν
130 642 165 664 ἐστὶν
179 647 188 664 ἢ
195 639 274 667 δυνάμει,
286 647 297 666 ἢ
304 639 388 669 ἐνεργεία.
406 633 490 662 Δυνάμει
494 632 529 662 μέν,

519 678 549 710 ἐν
52 684 68 704 ὡς
72 687 93 703 τὰ
97 684 123 705 ἐν
124 681 162 711 τύρῳ
178 682 258 707 ἐνεργεία
295 683 318 704 ὡς
323 685 347 704 τὰ
348 682 377 706 ἐν
383 680 466 709 γαδείροις,
485 682 514 702 καὶ
265 677 288 705 δὲ

48 724 154 748 ὀμβρικοῖς,
156 722 217 752 χώρα
224 726 257 746 ἐστὶν
264 721 332 745 ὑλώδης
353 722 381 745 ἐν
388 719 401 747 ἧ
408 719 480 750 κάλαμοι
493 727 527 743 καὶ

46 764 107 790 σχοῖνοι
108 763 183 790 γίνονται
192 762 259 788 πλεῖστοι.
274 764 339 787 Τούτους
348 762 434 788 καίοντες
445 762 458 780 οἱ
464 762 492 786 τῆς
496 762 550 785 χῶρας
