721 820
169 33 244 64 τήσασα
252 31 302 62 μέρει,
311 31 365 62 πάλιν
374 27 530 56 διασκορπίζεται
543 28 573 58 καὶ
579 28 638 53 γίνεται
644 27 675 59 ἔλιξ

178 77 217 101 ἤτοι
223 87 311 102 συστροφὴ
323 77 355 99 τοῦ
362 77 437 99 ἀνέμου
445 68 576 100 μετεωρίζουσα
587 69 618 97 καὶ
622 71 660 96 ἀπὸ

171 117 198 137 τῆς
206 114 231 138 γῆς
242 104 273 139 καὶ
280 115 317 136 ἀπὸ
324 114 351 134 τῆς
356 114 445 141 θαλάττης
454 109 479 131 τὰ
480 106 583 141 ἐπιτυχόντα
592 107 671 134 σώματα.

163 154 221 180 Οὗτος
233 151 271 176 ἐστὶν
278 155 287 175 ὁ
292 153 369 177 ἄνεμος
382 154 391 172 ὁ
395 155 492 180 καλούμενος
501 152 549 180 παρά
550 151 598 173 τινων
606 151 689 180 σίφων:-

213 203 296 219 τέτρασι
296 200 354 217 τούτοις
11 210 34 231 ξθ´.
62 212 110 226 ψυχῆς:-
177 202 198 221 ν
140 181 180 244 Ἐ
365 194 405 221 τὴν
414 200 460 220 ἄλογον
475 199 536 214 ψυχὴν
547 196 562 212 οἱ
569 196 697 222 φιλοσοφή-

182 242 241 260 σαντες
251 235 289 265 παρ᾽
294 233 372 266 ἕλλησιν
381 232 509 263 ἀφορίζονται,
518 234 542 256 ἐν
543 234 571 259 τῇ
578 232 662 260 ὀρεκτικῇ

177 282 220 301 καθ᾽
221 271 244 300 ἣν
253 279 320 301 ἡδονῆς
330 278 368 301 καὶ
369 278 424 300 λύπης
434 274 543 301 μετέχομεν.
562 276 587 300 Ἐν
615 274 694 304 δοξαστικῇ
588 273 609 300 τῇ

177 313 191 340 ἣ
196 316 228 340 τοὺς
237 322 307 343 μέσους
316 319 376 344 λόγους
388 316 423 343 καὶ
429 314 508 343 μεταξὺ
518 315 555 337 τῶν
566 315 662 341 αἰσθητῶν

178 360 228 384 εἰδῶν
243 370 273 387 καὶ
278 358 309 383 τῶν
315 356 387 380 ἀΰλων
399 369 433 386 καὶ
445 355 546 383 καθαρῶν
552 352 613 386 λόγων
620 349 678 389 ἀφώ-

179 409 229 427 ρισται.
248 397 276 424 Ἐν
277 402 295 421 τῇ
302 400 402 424 αἰσθητικῇ
413 399 451 425 ἥτις
637 392 687 419 ὁμοί-
462 394 512 423 πρὸς
521 398 542 422 τὰ
550 397 597 417 ἐκτὸς
603 391 633 421 ἤδη

180 445 223 466 ωται
244 438 278 467 καὶ
284 437 435 467 προαισθάνεται
444 441 475 464 τὰ
482 436 553 467 ἔξωθεν
563 434 642 464 σωτήρια
649 433 662 467 καὶ

179 482 269 508 ὀλέθρια.
280 485 302 506 Ἐν
305 485 328 508 τῇ
329 483 415 508 φυσικῇ,
429 480 473 505 ἥτις
486 476 556 507 κυρίως
565 475 598 506 ἐστὶ
603 476 665 503 γενεσι-

180 532 242 552 oυργὸς
265 534 297 549 καὶ
306 520 436 547 συμπλέκεται
447 522 535 552 προσεχῶς
546 520 580 546 τοῖς
587 517 660 543 σώμασι

182 562 259 590 γεννᾶτε
270 565 320 588 αὐτὰ
333 566 369 592 καὶ
378 564 429 592 αὔξει
437 576 464 590 καὶ
473 563 538 586 διοικεῖ
544 565 575 591 καὶ
583 563 673 592 κατευθύνει.

178 603 207 627 Ἐκ
214 603 277 626 τούτων
284 607 304 626 δὲ
315 607 350 628 τῶν
358 601 466 631 τεσσάρων,
475 602 511 629 τὴν
513 605 571 636 ἄλογον
577 596 640 636 ψυχὴν
645 595 665 622 ἔνι-

181 651 195 671 οι
202 649 239 672 τῶν
244 646 362 675 φιλοσόφων
374 645 489 671 οὐσιώσαντες
500 644 632 674 ἐνκεντρίζουσιν
645 639 670 663 οἷον

179 690 201 710 τῇ
203 685 274 711 λογικῇ
277 691 332 716 ψυχῇ
340 686 373 715 καὶ
376 688 401 716 τῷ
408 684 479 714 σώματι
492 682 600 716 συνεισάγουσι
608 697 627 715 καὶ
628 681 653 706 τὴν

183 728 224 754 μὲν
227 729 314 754 λογικήν,
320 732 358 752 ταῖς
370 732 406 754 ἄνω
412 728 500 754 θεωρίαις
512 727 598 754 συνάγουσι
610 729 634 747 τὴν
637 727 658 744 δὲ

186 770 248 796 ἄλογον,
260 773 356 796 οἰκοδομεῖν
361 771 383 796 τὰ
391 767 471 797 σώματα
473 768 625 795 ἐπιτρέπουσιν:-
