528 653
82 47 109 84 Κ
134 49 157 66 τοῦ
162 47 216 69 δίδυμα
218 48 236 70 ἢ
241 48 294 69 τρίδυμα
303 48 369 71 γίνεσθαι,
373 49 424 69 πολλὰς
433 51 448 76 ἄν
476 50 495 77 αἰ-
453 51 470 76 τις
110 48 128 67 αὶ

102 82 141 98 τίας
149 81 259 99 διαριθμήσεται
260 82 283 98 τὴν
284 80 327 105 σχίσιν
334 84 355 100 τοῦ
360 81 436 103 σπέρματος
444 87 468 101 τὴν
472 86 494 105 γο-

115 109 182 130 νιμότητα
188 113 211 128 τῆς
217 119 252 132 γονῆς
265 112 289 129 τοὺς
295 114 318 130 ἐν
320 112 365 132 μήτρα
371 116 424 133 κόλπους
438 115 505 137 διάφοροι

113 140 136 161 γὰρ
145 139 224 161 κοιλότητες
230 141 255 159 τὴν
261 139 314 162 μήτραν
320 142 423 166 περιειλήφασιν.
438 145 473 163 Ὅταν
475 144 502 171 γοῦν

109 173 130 194 ἐν
135 173 158 190 τοῖς
165 174 223 191 κόλποις
229 172 275 190 τούτων
282 170 297 192 τὸ
304 172 363 193 σπέρμα
372 179 441 199 διασχεθῆ
455 176 499 201 δίδυ-

113 208 136 223 μα
141 206 167 221 καὶ
173 204 239 223 τρίδυμα
246 204 293 222 γίνεται
303 207 332 224 καὶ
337 207 347 223 τὸ
355 208 416 224 πλῆθος
421 209 437 222 δὲ
442 207 463 224 τοῦ
466 208 479 224 ἀ-

114 235 185 254 πορρέοντος
192 233 273 257 σπέρματος,
285 236 323 258 αἴτιον
330 239 401 257 πολλάκις
408 237 432 255 τοῦ
436 243 488 256 πλήθους

109 267 137 284 τῶν
140 265 276 291 ἐγκυμονουμένων
283 268 366 288 καθίσταται.
381 269 391 291 Ἡ
393 268 436 287 μέντοι
443 269 456 290 γε
462 273 488 288 μή-

112 300 142 320 τρα,
146 300 204 320 πολλοὺς
209 301 237 317 μὲν
243 299 268 321 ἔχει
273 300 333 322 κόλπους
351 300 377 323 δύο
378 299 394 325 δὲ
400 300 475 322 ἀξιολόγους

111 330 193 350 κοιλότητας
199 330 244 350 ὑμένι
247 334 288 350 μέσω
297 335 391 355 διειργομένας
401 334 419 354 ἐν
428 328 448 351 αἷς
454 329 484 350 ὅταν

111 364 170 383 ἐμπέση,
183 363 203 379 τὸ
207 363 275 383 σπέρμα,
283 362 334 382 δίδυμα
342 367 430 388 καρπογονεῖ
433 363 487 389 ἔμβρυα.

113 392 122 413 Ὁ
129 390 162 410 μέντοι
169 394 185 416 γε
189 391 286 416 ἐρασίστρατος
299 400 323 415 καὶ
330 399 352 415 τὰς
361 395 460 416 ἐπισυλλήψεις
467 398 487 417 αἰ-

106 423 152 443 τιᾶται
157 428 199 454 ὥσπερ
214 429 241 446 ἐπὶ
246 430 265 445 τῶν
271 426 330 451 ἀλλόγων
338 430 383 451 ζώων.
394 433 425 450 Καὶ
435 425 478 451 ἄλλας

106 455 128 479 ἂν
135 453 169 477 εἴποι
173 454 197 475 τίς
198 453 247 477 αἰτίας
253 456 264 477 ἢ
271 456 308 480 αὐτὸς
316 457 416 481 ἐφευρίσκων
425 459 438 479 ἢ
444 453 473 479 τοῖς

112 489 175 512 ἀρχαίοις
182 491 270 510 ἑπόμενος:-
328 490 384 512 Πόθεν
391 491 457 512 γίνονται
464 487 482 512 τῶν

108 520 166 547 γονέων
173 521 188 539 αἱ
193 517 277 547 ὁμοιώσεις
285 520 295 539 καὶ
325 521 370 542 τούτους
378 520 481 541 ἀνομοιώτητες-
300 515 321 545 πρὸς

76 552 99 594 Τ
126 552 242 569 ἀποκρινόμενον
249 555 306 571 σπέρμα
313 551 328 577 ἢ
335 555 365 574 ἀπὸ
372 557 390 572 τοῦ
396 558 447 577 ἀνδρὸς
454 555 462 573 ἢ
465 553 495 574 ἀπὸ
22 551 38 563 ßε´.
99 554 124 571 ὸ

96 585 128 610 τῆς
130 584 203 608 γυναικὸς
209 585 224 601 τὸ
229 594 259 603 μὲν
267 586 296 604 ἀπὸ
302 588 322 601 τοῦ
327 586 381 606 ἀνδρός,
387 580 410 607 στοὺς
411 579 454 609 λόγους
459 580 486 607 ἔχει

100 614 130 641 τῶν,
132 615 154 640 ἐν
155 616 192 632 αὐτῷ
193 616 236 635 ἠθῶν
247 615 257 639 καὶ
258 613 317 640 τρόπων
328 612 342 637 καὶ
345 616 363 632 τῆς
364 616 428 638 μορφῆς
441 617 452 639 καὶ
455 617 493 637 ἀπὸ
