598 753
45 59 107 73 τροπὴν
118 46 147 71 τὴν
150 49 222 71 θερινὴν
237 50 272 66 ἀπὸ
279 46 310 64 τῶν
436 39 461 67 τὴν
317 41 386 68 ἀρκτώων
397 45 428 67 ἐπὶ
463 41 502 69 με-

57 88 137 113 σημβρίαν
152 88 186 108 πᾶν
194 86 240 108 νέφος
251 79 337 110 ἐλαυνόντων
348 91 374 104 καὶ
383 76 479 111 ὠθούντων

52 128 82 153 ἕως
93 113 123 145 ἐπὶ
129 126 153 142 τὴν
162 120 273 143 κεκαυμένην
281 117 330 139 ζώνην
340 113 426 140 συνάξουσι
442 115 479 137 καθ᾽
480 113 496 127 ἣν

59 163 81 182 τῆς
87 159 137 182 πρόσω
147 158 206 182 φορᾶς
212 152 323 176 ἀνακόπτονται.
339 151 374 179 Καὶ
384 148 430 182 τούτω
438 148 504 171 λαύρων

51 184 103 221 ὑετῶν
111 184 212 215 ῥυγνυμένων,
230 189 298 214 ὀργᾶται
304 189 315 208 ὁ
319 186 366 209 νεῖλος
385 184 399 210 καὶ
406 185 471 205 ποταμὸς

42 235 90 254 εἶναι
100 234 126 250 οὐκ
137 232 202 254 ἀνέχεται
219 228 253 250 διὸ
254 227 295 248 πιεῖν
297 227 313 247 τέ
318 224 344 245 ἐστι
353 218 446 244 γλυκύτατος
461 217 499 246 ἅτε

56 271 78 294 ἐξ
79 270 138 294 ὄμβρων
150 265 210 290 οὐρανίων
215 263 332 292 χορηγούμενος
351 258 383 279 καὶ
391 257 443 283 θήγειν
453 259 488 287 προ-

56 309 151 324 σηνέστατος
171 303 204 320 οὐκ
205 298 233 320 ἔτι
239 302 275 320 μὲν
280 301 349 322 θερμὸς
357 297 379 323 ὡς
388 289 428 316 ὅθεν
438 289 489 319 ἤρξατο

60 338 84 362 ἔτι
93 342 109 366 δὲ
111 341 179 362 χλιαρὸς
190 338 211 358 ὡς
219 336 287 356 ἐκεῖθεν
296 333 396 360 ἀρξάμενος:-
433 330 487 353 Διατί

57 375 114 401 μόνος
123 375 213 397 ποταμῶν
238 366 275 401 νεῖλος
284 366 342 397 αὔρας
349 371 376 394 οὐκ
383 365 505 392 ἀναδίδωσιν:-
220 376 230 397 ὁ

60 414 93 433 όνος
104 412 182 435 ποταμῶν
201 409 239 432 νεῖλος
250 405 293 436 αὔρας
303 411 337 428 οὐκ
338 406 434 427 ἀναδίδωσι,
441 403 500 425 διότι
547 395 575 420 ρα´.
187 417 196 431 ὁ
21 415 60 456 Μ

51 452 88 471 τῶν
96 449 154 471 νεφῶν
163 448 197 468 ἀπὸ
202 447 224 472 τῆς
233 446 322 472 αἰθιοπίας
325 444 367 467 παρὰ
371 445 398 463 τῶν
404 443 477 460 ἐτησίων
483 440 501 457 ἀ-

54 484 119 507 νέμων
130 478 167 511 ἄχρι
172 478 282 507 μεσημβρίας
295 482 410 506 ἐλαυνομένων,
420 477 430 498 ἡ
437 474 506 499 ἐμπερι-

60 523 131 546 εχομένη
144 520 198 539 τούτοις
211 516 256 537 ἀτμὶς
265 516 305 538 ὑπὸ
309 517 333 533 τοῦ
338 514 383 536 κατὰ
394 513 416 532 τὸν
420 511 465 530 τόπον
473 511 509 530 πυ-

64 557 114 579 ρώδους
126 554 170 577 ἅπαν
178 551 286 580 ἐξικμάζεται
308 550 396 575 κἂντεῦθεν
404 546 446 571 ὑετοῦ
455 547 520 572 πολλοῦ

63 596 211 617 καταφερομένου,
225 593 234 608 ὁ
235 590 280 610 νεῖλος
287 590 312 606 τῆς
320 586 373 607 οἰκίας
383 584 430 612 ὄχθης
440 584 514 609 ἐξανιστά-

66 631 127 653 μενος,
137 631 196 655 γεωργεῖ
197 630 228 650 τὰς
238 627 304 652 ἀρούρας
316 625 349 646 καὶ
360 624 418 646 εἰκότως
428 621 466 649 αὖρα
472 625 510 649 οὐκ

64 657 157 690 ἀναδίδοται
169 667 194 684 τῆς
201 665 273 686 ἀτμίδος
283 661 341 683 πάσης
347 658 445 680 ἐκτακείσης
454 658 497 683 διὰ

68 705 161 726 θερμότητα.
178 707 192 723 Οὐ
196 702 220 724 γὰρ
228 697 246 729 ἦν
253 703 263 720 ὁ
266 700 308 727 νεῖλος
318 698 425 721 αὐξανόμενος
430 695 465 720 ὑπὸ
471 692 506 721 χιόνος
