624 756
128 31 178 55 φυτοῦ
189 32 335 60 καταπεφυτεῦσθαι
345 39 365 64 ἐν
393 32 440 63 μήτρᾳ
455 33 469 63 καὶ
477 40 547 60 κινεῖσθαι
552 42 577 63 οὐχ᾽
370 36 389 64 τῇ

127 67 167 94 ὑπὸ
173 71 220 97 ψυχῆς
236 76 260 99 ἀλλ᾽
264 71 300 91 ὑπὸ
303 74 368 96 φύσεως.
389 67 431 100 Ὥσπερ
436 80 451 94 δὴ
459 75 475 101 καὶ
476 79 495 95 τὰ
501 76 573 100 δένδρα

129 105 155 138 καὶ
161 107 184 126 τὰ
185 106 234 130 φυτὰ
244 107 316 128 κινεῖσθαι
325 103 381 131 εἴωθεν,
386 112 471 135 τρέφεσθαί
472 110 489 131 τε
506 110 526 132 οὗ
530 118 565 135 τοῦτο

126 142 189 161 εὐθέως
198 144 324 165 ἀποδεσμοῦσιν
334 145 353 170 αἱ
354 146 402 166 μαῖαι
422 141 451 167 ἵνα
462 143 496 164 διὰ
499 149 527 165 τοῦ
532 146 580 170 στόμα-

192 172 259 200 γεννηθὲν
112 179 149 196 τος
160 187 170 204 καὶ
171 175 186 204 τὸ
268 173 333 204 τρέφηται:-
374 180 419 204 Περὶ
430 178 563 206 ἐκνεφίου:-

23 206 55 239 ßζ´.
126 213 182 235 νεμός
187 217 221 235 ἐστιν
231 214 242 240 ὁ
252 214 340 239 ἐκνεφίας
349 208 403 246 σχεδὸν
411 221 421 239 ὁ
505 208 586 245 τυφῶνι
479 216 498 243 τῷ
428 212 470 244 αὐτὸς
93 208 126 256 Ἄ

266 253 321 276 νεφίας
127 253 175 275 πλὴν
182 257 194 279 ὁ
196 252 234 274 μὲν
231 252 259 272 ἐκ
331 258 354 281 οὐχ
355 256 411 280 ὁρᾶται
430 259 441 276 ὁ
444 254 459 276 δὲ
461 251 530 282 τυφών,
536 256 593 281 ὁρᾶται

125 292 155 313 διὰ
160 293 178 311 τὸ
188 292 324 321 παχυμερεστέραν
333 291 385 312 οὐσίαν
394 287 533 321 συνεφέλκεσθαι
543 294 565 315 ἐκ

122 329 147 347 τοῦ
155 326 218 353 νέφους,
227 333 256 349 τὴν
263 329 342 353 καπνώδη
349 329 471 353 ἀναθυμίασιν.
487 330 510 355 Καὶ
511 329 542 352 τὸν
543 331 580 355 μὲν

549 368 577 400 ἐστι
122 361 221 394 ἐκνεφίαν,
229 366 280 390 παύει
283 366 321 386 ὑετὸς
341 364 363 388 τὸν
367 364 387 387 δὲ
391 365 465 392 τυφῶνα,
473 373 494 397 οὐχ
495 368 547 396 ἱκανός

124 405 190 432 παῦσαι
208 407 233 431 ἀλλ᾽
234 408 247 422 ὁ
248 405 310 428 βορρᾶς
320 400 363 424 αὐτὸν
371 404 499 430 κατασβέννυσιν.
516 405 563 427 Οὐδὲν

124 443 140 460 δὲ
142 440 202 466 ἕτερον
211 440 246 465 ἐστὶν
255 442 336 467 ἐκνεφίας
352 446 360 463 ἢ
365 448 419 468 τυφὼν
429 448 544 467 ἐπιτεταμένος
558 445 570 470 καὶ

122 476 160 498 ὅσον
163 489 197 499 μὲν
205 480 248 504 κατὰ
252 485 268 499 τὸ
274 478 310 501 εἶδος,
317 485 377 504 ταυτόν
378 482 419 506 ἐστιν
425 477 507 506 ἐκνεφίας
514 485 531 508 καὶ
532 479 576 505 τυφὼν

124 518 164 542 κατὰ
169 520 188 535 δὲ
194 521 228 536 τὴν
235 513 308 546 ἐπίτασιν
316 529 342 543 καὶ
350 515 407 544 ἄνεσιν,
415 519 513 543 διαφέρουσιν.
528 525 535 540 Ὁ
536 527 564 545 μὲν

124 554 149 578 γὰρ
156 553 208 576 τυφὼν
219 548 319 575 ἐπιτεταμένος
326 557 361 577 ἐστὶν
366 554 452 582 ἐκνεφίας
461 558 545 580 ἀνειμένος
550 559 564 576 δὲ

121 585 183 615 τυφών.
208 589 290 611 Πολλάκις
296 589 316 608 δὲ
322 591 338 612 οἱ
339 594 375 610 μὲν
384 595 420 615 ἀπὸ
424 593 486 618 ψυχρῶν
492 593 549 614 τόπων

124 629 202 649 πνέοντες
212 628 281 653 ἄνεμοι,
292 628 395 651 νοθευόμενοι
400 632 428 651 διὰ
435 633 491 653 μέσων
495 633 563 656 θερμῶν

116 666 180 689 τόπων,
187 663 253 692 θερμοὶ
261 669 382 690 καταπνέουσιν
398 671 412 688 οἱ
416 671 434 688 δὲ
445 671 480 690 ἀπὸ
481 669 560 692 θερμῶν

119 702 237 728 κεραννύμενοι
245 702 306 728 ψυχρῶν
311 707 344 722 διὰ
345 702 407 728 μέσου
419 704 479 729 ἀέρος,
485 702 548 729 ψυχροὶ
