634 759
48 34 159 61 κρίνοντος:-
174 41 222 61 Διατί
231 40 261 59 ὑπὸ
269 41 302 60 τῶν
310 32 359 61 ὑετίων
360 32 408 61 μᾶλλον
409 32 486 61 ὑδάτων

40 76 53 99 ἢ
57 69 74 98 τῶν
82 74 163 100 ἐπιρρύτων
167 75 189 96 τὰ
190 66 223 98 δένδρα
232 71 244 95 καὶ
248 77 277 95 τὰ
281 73 354 98 σπέρματα
361 74 435 103 πέφυκε
440 76 506 103 τρέφεσθαι:-

47 118 80 138 ιότι
89 113 110 143 τῇ
117 116 169 139 πληγῇ
170 117 246 136 διϊστῶσι
255 110 282 133 τὴν
289 115 315 141 γῆν
335 113 352 133 καὶ
355 113 408 137 πόρους
417 118 481 137 ποιοῦσι
545 110 580 141 ρ´.
13 108 46 150 Δ

41 154 57 180 καὶ
63 151 154 178 διαδύονται
163 152 184 173 εἰς
186 149 217 170 τὴν
223 148 273 174 ῥίζαν
288 150 300 176 ἢ
306 149 338 172 ὅπερ
347 151 443 178 ἀληθέστερον,
453 148 491 175 πρόσ-

44 185 93 215 φατόν
96 186 123 214 ἐστι
134 186 159 206 καὶ
165 185 199 205 νέον
208 182 249 209 ὕδωρ
255 189 274 205 τὸ
277 185 350 207 ὑόμενον
368 185 419 208 ἕωλον
426 184 441 206 δὲ
445 185 469 210 καὶ
474 183 503 209 πα-

39 225 85 248 λαιὸν
96 225 111 245 τὸ
116 223 209 246 λιμναῖον
220 224 232 246 ἢ
237 221 263 245 ὅτι
271 221 297 242 τὸ
298 221 372 248 ἀερῶδες
376 218 422 256 ὕδωρ
427 218 505 251 πνεύμα-

40 266 61 285 τι
64 257 181 286 μεμιγμένον
188 259 204 278 ὄν,
207 257 295 287 ὁδηγεῖται
301 260 323 281 καὶ
331 260 456 282 ἀναπέμπεται
457 254 506 290 ταχέως

45 301 62 320 εἰς
64 301 78 318 τὸ
84 296 138 321 φυτὸν
145 294 172 318 ὑπὸ
176 297 197 318 τῆς
201 296 312 319 λεπτότητος
323 299 350 323 διὸ
353 301 376 317 καὶ
383 296 496 322 πομφόλυγας

44 334 74 355 ποιεῖ
81 335 107 355 διὰ
107 335 134 355 τὴν
135 338 174 357 τοῦ
175 331 222 356 ἀέρος
230 333 315 359 ἀνάμιξιν
325 331 340 359 ἢ
401 331 485 360 ὄμβριον
380 329 400 366 τὸ
343 328 371 358 ὅτι

47 366 83 395 ὕδωρ
91 372 177 398 γενόμενον
188 371 202 390 ἐν
210 368 249 393 ἀέρι
259 369 284 393 καὶ
292 371 384 395 πνεύματι,
388 375 472 399 καθαρὸν
479 369 495 394 καὶ

326 407 345 435 τῇ
45 412 109 437 ἀμιγὲς
116 415 171 430 κάτεισι.
187 409 210 429 Τὰ
211 414 231 429 δὲ
237 406 292 438 πηγαῖα
299 408 321 439 καὶ
465 406 498 432 τό-
393 404 421 436 καὶ
352 406 388 441 γονῇ
426 409 464 442 τοῖς

40 450 68 467 ποις
77 445 178 466 ὁμοιούμενα
179 453 201 465 δι᾽
202 444 228 468 ὧν
240 442 280 473 ἔξεισι,
296 447 362 469 πολλῶν
373 443 498 473 ἀναπίμπλανται

44 483 130 504 ποιοτήτων.
149 480 228 506 Πρόσθες
231 484 262 507 καὶ
270 480 312 511 ἄλλην
320 484 384 508 αἰτίαν.
403 483 482 507 Εὔσηπτον
483 484 503 507 ἐ-

450 521 478 548 πᾶν
40 518 55 543 στὶ
63 520 79 540 τὸ
86 517 144 541 ὑέτιον
151 514 192 545 ὕδωρ
203 525 224 544 καὶ
232 527 258 547 διὰ
259 526 302 544 τοῦτο
336 519 441 550 εὔθρεπτον
307 520 333 543 καὶ
482 519 504 549 δὲ

302 555 418 583 ὑποκείμενον:-
431 556 486 584 Διατί
170 553 206 582 ἔχον,
108 558 162 581 οὕτως
85 559 108 585 τὸ
36 557 80 584 ὕδωρ
277 556 302 584 τὸ
219 555 271 583 τρέφει

33 589 66 614 τῶν
68 588 136 617 ὀμβρίων
137 586 192 616 ὑδάτων
195 589 286 617 εὐαρδέστερα
332 587 400 621 σπέρμασι,
403 591 428 616 τὰ
450 586 487 618 βροντῶν
489 588 509 612 καὶ
430 593 447 623 τῶν
516 589 528 610 ἀ-
290 596 322 616 τοῖς

9 601 36 656 Ὅ
65 628 172 648 πνευματώδη
185 635 210 651 διὰ
335 628 415 655 ταραχὴν
416 647 429 660 καὶ
434 628 490 657 ἀνά-
589 615 614 642 ρζ´.
496 619 554 648 στραπῶν:-
282 634 328 656 ἀέρος
249 636 273 653 τοῦ
222 632 238 651 τὴν
41 632 63 654 τι

45 668 92 690 μιξιν
103 665 122 687 τὸ
130 665 145 686 δὲ
153 664 223 688 πνεῦμα,
233 669 260 689 τὴν
269 666 357 695 ὑγρότητα
362 672 425 700 κινοῦν,
431 666 484 694 μᾶλλον

45 702 135 722 ἀναπέμπει
143 701 161 729 καὶ
169 706 272 725 ἀναδίδωσιν
483 701 494 730 ἀ-
276 704 286 724 ἢ
295 702 324 727 ὅτι
332 705 402 730 βροντὰς
412 706 442 725 μὲν
450 703 477 727 καὶ
