644 760
148 43 195 73 φίαν
203 42 256 70 ἔχουσι.
275 43 308 65 Διὰ
313 45 355 63 τοῦτο
363 42 391 66 καὶ
394 40 418 61 τὰ
425 39 519 68 γυμνάσια,
525 38 603 70 εὐεξίαν

149 85 175 105 τοῖς
184 82 253 106 σώμασιν
260 81 316 103 δίδωσι
333 80 410 101 κενοῦντα
418 77 433 106 καὶ
438 79 462 100 τοὺς
475 83 494 102 ἐν
501 79 551 105 αὐτοῖς
552 80 608 107 χυμοὺς

149 118 230 147 πέττοντα
239 118 270 146 καὶ
275 113 413 138 ἀπολεπτύνοντα.
433 116 452 138 Οὐ
453 117 506 138 μέχρι
511 114 530 132 δὲ
536 114 589 138 σωμά-

146 159 180 178 των
194 156 231 183 ἀλλὰ
239 166 264 179 καὶ
275 155 291 180 ἐς
298 148 343 175 αὐτὰς
351 153 382 176 τὰς
388 156 437 182 ψυχὰς
445 154 472 173 τὰ
478 154 498 174 ἐν
502 151 528 173 τοῖς
532 152 603 176 μαθή-

145 194 194 216 μασι
203 194 309 218 γυμνάσια,
319 191 404 218 ὠφέλειαν
412 189 477 213 ἐμποιεῖ
489 199 517 211 καὶ
522 188 586 208 κίνησις

147 236 168 257 δὲ
172 220 253 257 μιτεξετέρη
263 228 306 254 κατὰ
313 228 340 252 τὸν
347 225 451 253 ἱπποκράτην,
460 222 537 254 κρατύνει
543 227 560 248 τὸ
565 227 607 249 σῶμα

146 268 193 293 ἀργίη
195 259 215 288 δὲ
221 267 260 290 τήκει:-
289 271 343 288 Διατί
354 267 368 290 οἱ
373 263 423 289 δωριεῖς
431 262 507 294 εὔχονται
513 269 574 292 κακὴν
576 266 605 292 χόρ-

112 302 145 341 Κ
207 302 308 328 συγκομίζεται
309 304 376 328 χόρτος,
385 304 446 328 βροχὴν
447 304 469 326 ὅτι
485 315 513 328 του
519 297 613 328 συγκομιδήν:-
16 294 58 334 ριδ´.
150 307 202 330 ακῶς

142 344 220 370 πλείστην
230 343 320 369 δεχόμενος
329 343 400 368 χλωρὸς
406 338 430 364 γὰρ
439 337 551 369 θεριζόμενος,

146 375 189 407 ταχὺ
195 378 277 407 διάβροχος
283 374 348 404 γεγονώς.
367 375 439 401 Ὑόμενος
445 377 468 398 δὲ
471 380 504 401 πρὸ
539 377 595 403 θέρους
508 376 532 400 τοῦ

152 420 160 437 ὁ
163 418 205 440 σῖτος
213 414 301 443 βοηθεῖται
313 415 352 441 πρὸς
357 416 385 435 τὰ
390 417 453 439 θερμὰ
458 410 494 437 καὶ
499 409 543 433 νότια
548 417 602 437 πνεύ-

151 457 201 476 ματα.
218 454 275 476 Ταῦτα
283 446 313 475 γὰρ
323 455 360 480 οὐκ
361 452 393 474 ἐᾶ
399 453 527 474 πυκνωθῆναι,
538 450 606 474 συνιστά-

149 503 202 517 μενον
208 489 236 512 τὸν
245 489 310 515 καρπὸν
320 492 344 511 ἐν
350 488 374 509 τῷ
378 481 419 516 στάχυϊ
445 489 473 517 ἀλλ᾽
474 485 535 514 ἐξίστησι
542 498 568 511 καὶ
574 490 615 508 δια-

149 533 186 553 χέει
196 533 218 552 τῇ
221 528 324 553 θερμότητι
331 525 363 551 τὴν
373 526 430 553 πήξιν
453 529 475 549 ἂν
484 537 509 550 μὴ
517 529 608 553 βεβρεγμέ-

150 569 185 589 νης
188 567 207 589 τῆς
215 565 246 589 γῆς,
258 563 327 589 ὑγρότης
337 567 431 589 παραμένη
439 559 520 589 ψύχουσα
530 560 546 589 καὶ
552 559 608 583 νοτίζου-

154 613 177 627 σα
189 607 216 627 τὸν
222 606 279 626 στάχυν.
300 602 354 623 Διότι
366 599 400 623 οὖν
411 602 425 621 ἡ
428 604 474 625 κακὴ
488 598 513 622 τοῦ
522 595 572 623 χόρτου
582 595 608 619 συγ-

152 645 225 668 κομιδὴ
235 638 274 662 διὰ
284 641 314 666 τὴν
323 639 389 668 βροχὴν
396 637 463 668 γίνεται
485 636 581 659 σήπουσαν
584 631 617 660 τοῦ-

145 687 181 704 τον
194 679 226 706 καὶ
237 674 382 707 ἀφανίζουσαν.
402 679 413 696 Ὁ
418 676 442 698 δὲ
447 674 496 708 ὑετὸς
505 674 612 708 ὠφέλιμός

537 706 626 737 ἐξυγραίνει
432 713 527 737 γινόμενος,
361 714 427 740 θέρους
320 713 358 742 τοῦ
278 708 311 741 πρὸ
224 716 266 743 σίτῳ
193 720 221 746 τῷ
148 717 190 741 ἐστι
