665 755
160 28 177 48 οὐ
185 23 262 53 βαδίζουσι.
275 28 367 57 Περιψύχεται
375 30 401 57 γὰρ
408 33 467 60 ἰσχυρῶς
473 45 497 59 καὶ
502 37 592 59 πυκνοῦται

158 64 182 80 τὰ
190 64 261 85 σώματα
269 66 299 87 τῶν
305 67 398 90 βαδιζόντων
405 69 437 93 διὰ
438 71 497 101 χιόνος
502 75 544 103 κἄντεῦθεν

156 99 179 118 τὸ
180 98 216 119 μὲν
220 104 291 124 θερμὸν
300 102 367 124 ἔσωθεν
378 108 520 131 ἀντιπεριϊστάμενον,
527 110 614 130 ἀναλίσκει

156 134 187 156 τὴν
196 139 263 164 τροφήν.
268 134 305 164 Εἶτα
316 133 429 164 ἐπιλειπούσης
435 156 459 166 καὶ
468 145 518 168 αὐτῆς,
527 144 575 172 ὥσπερ
579 151 591 169 τὸ
597 147 618 171 πῦρ

162 177 310 204 ἀπομαραίνεσθαι.
322 184 350 203 Διὸ
354 186 415 205 πεινῶσι
427 185 507 212 σφόδρα
517 189 530 207 οἱ
536 190 572 210 τοῦτο
583 188 612 208 πα-

158 217 225 238 θόντες
246 228 272 241 καὶ
280 226 333 249 βραχὺ
340 222 425 245 παντελῶς
433 224 539 255 ἐμφαγόντες,
545 226 603 250 εὐθὺς

158 257 291 284 ἀναλάμπτουσιν.
308 259 322 278 Οἱ
323 259 345 281 δὲ
352 263 377 283 τὴν
382 261 501 289 βουλημίασιν,
507 266 565 288 πάθος
575 272 597 289 ἐν

160 292 234 321 στομάχω
241 305 285 322 φασὶ
302 297 337 318 διὰ
343 298 447 325 συνδρομὴν
452 301 517 327 θερμοῦ,
534 302 620 336 λειποψυχί-

468 341 483 364 ἐν
155 341 177 351 αν
182 335 240 354 ποιοῦν:-
255 335 288 356 Tίς
293 335 330 356 αἰτία
335 339 351 358 δι᾽
352 339 369 359 ἣν
373 330 426 362 εὔθρυπτα
428 339 466 364 γίνεται
485 340 505 363 τῇ
507 338 533 363 συκῇ
536 341 642 366 κρεμμανύμενα

19 377 52 394 ρκγ´.
156 373 162 388 ὸ
172 367 223 394 φυτὸν
231 374 241 390 ἡ
301 374 340 396 ἀπὸ
345 375 405 396 πάντων
413 379 449 399 ἐστὶν
458 380 558 399 ὀπωδέστατον
565 381 588 400 τὰ
589 377 651 405 κρέατα:-
246 373 286 393 συκῆ,
105 367 147 418 Τ

458 410 529 440 τμητικὸν
153 409 221 435 θερμὸν
228 404 260 428 οὖν
261 408 331 434 πνεῦμα
340 412 355 440 καὶ
360 411 416 439 δριμὺ
423 414 454 438 καὶ
538 415 602 439 ἀφίησιν

159 457 186 471 καὶ
192 449 234 466 τοῦτο
238 447 307 474 θρύπτει
316 457 329 473 καὶ
334 446 410 471 πεπαίνει
418 450 448 472 τὴν
451 452 502 475 σάρκα
503 453 531 472 τοῦ
532 450 594 475 ὄρνιθος.

160 480 203 503 Ὅθεν
204 484 246 506 τῶν
247 485 317 509 ταύρων
325 488 332 509 ὁ
333 487 455 513 χαλαιπώτατος
456 491 508 508 συκῆ
511 486 600 516 προσδεθεὶς

157 522 221 549 ἡσυχίαν
228 521 253 550 ἄγει
268 521 283 550 καὶ
287 523 330 544 ὅλως
336 522 398 549 ἀφίησι
405 526 428 546 τὸν
431 522 497 547 θυμὸν
512 524 560 550 ὥσπερ
561 530 592 547 ἀπο-

157 560 291 588 μωραινόμενος.
305 565 345 584 Toῦτο
350 562 390 583 γοῦν
391 565 411 583 τὸ
415 558 486 589 πνεῦμα
496 564 509 589 καὶ
510 566 539 586 τοῖς
542 564 611 588 θύμασιν

154 597 165 618 καὶ
171 599 212 621 ὅλως
217 598 242 619 τοῖς
251 601 307 623 κρέασι
316 597 422 623 προσπίπτον,
432 601 492 626 διαιρεῖ
493 602 516 621 τὴν
517 600 576 626 σάρκα
584 597 601 627 καὶ

158 635 255 665 περιθρύπτει
265 645 289 657 καὶ
297 632 383 660 ψαφαρὰν
390 635 494 665 ἀπεργάζεται.
512 636 544 658 Διὰ
550 635 608 657 ταῦτά

153 665 177 691 τοι
185 683 211 694 καὶ
219 671 255 696 πρὸ
262 673 288 692 τῆς
291 670 363 694 γλυκείας
371 665 427 693 συκῆς
438 669 496 696 ἕτερα
502 671 540 693 σύκα
541 670 575 692 τὰ
576 679 594 691 λε-

156 710 227 736 γόμενα
232 708 309 732 ὄλυνθοι
315 713 344 731 τὴν
351 708 419 736 ἄχρηστον
429 708 502 736 ὑγρότητα
510 712 535 730 τοῦ
540 711 590 736 φυτοῦ
594 712 621 740 ἐν
