637 752
45 28 136 54 προσπίπτει
141 33 157 53 τὸ
162 28 219 53 πρῶτον
229 21 352 48 ἐνδυσαμένοις
367 16 406 40 εἴτα
417 14 468 42 μέντοι

47 72 126 106 θερμένει
131 70 159 89 τῆς
168 67 205 90 ἀφ᾽
208 62 251 85 ἡμῶν
252 58 354 86 θερμότητος
362 56 472 79 ἐμπιπλάμε-

42 114 63 139 νος
68 108 96 141 καὶ
102 103 139 138 ἅμα
146 104 235 126 περιστέλλων
247 94 261 126 καὶ
264 96 288 119 τὸν
294 94 324 124 ἔξω
331 95 377 119 ἀέρα
382 93 407 111 τοῦ
414 93 483 114 σώματος.

38 146 88 173 Ὥσπερ
93 144 126 168 οὖν
133 143 176 163 ἡμᾶς
180 135 320 162 θερμαινόμενον
326 135 415 155 θερμαίνει
422 129 439 154 τὸ
445 127 485 148 ἱμά-

40 186 82 209 τιον,
89 184 127 206 οὕτω
134 179 237 203 ψυχόμενον,
243 172 268 200 τὴν
269 175 317 202 χιόνα
325 171 400 199 περιψύχει.
415 171 479 203 Ψύχεται

50 222 65 256 δὲ
67 225 96 259 ὑπ᾽
100 224 145 249 αὐτῆς
145 214 216 242 ἀφιείσης
225 210 293 239 πνεῦμα
300 215 360 239 λεπτόν.
372 212 412 230 Τοῦτο
419 209 448 232 γὰρ
458 210 502 229 συνέ-

43 269 64 285 χει
69 263 95 286 τὴν
103 261 156 285 πῆξιν
167 255 212 278 αὐτῆς
218 250 396 276 ἐγκατακεκλεισμένον.
412 248 496 273 Ἀπελθόν-

44 300 72 333 τος
75 298 102 319 οὖν
111 299 134 319 τοῦ
142 293 247 320 πνεύματος,
255 287 299 316 ὕδωρ
304 287 352 316 οὖσα,
363 287 388 312 ῥεῖ
391 287 415 307 καὶ
420 280 505 306 διατήκεται

51 342 75 366 καὶ
84 335 162 358 ἀπανθεῖ
165 335 181 355 τὸ
185 333 245 360 λευκὸν
259 324 292 350 ὅπερ
296 330 304 346 ἡ
310 327 335 346 τοῦ
340 322 425 345 πνεύματος
435 330 493 358 πρὸς

47 372 65 396 τὸ
70 370 111 396 ὑγρὸν
121 369 210 396 ἀνάμιξις,
220 367 295 394 ἀφρώδη
302 361 390 386 γενομένη,
395 360 454 396 παρεῖχε.
468 360 495 380 Καὶ

51 415 70 434 τὸ
68 408 120 437 ἄχυρον
128 411 149 429 δὲ
154 407 192 429 διὰ
198 399 282 430 κουφότητα
289 402 377 431 μαλακῶς
385 398 487 423 περιπίπτον,

51 451 71 469 οὐ
72 446 132 471 θρύπτει
138 444 163 467 τὸν
172 444 220 471 πάγον:-
257 444 277 464 Tί
286 444 329 461 ἐστὶν
337 444 345 458 ὁ
354 444 452 471 βούλιμος:-

53 487 118 504 ούλιμος
129 486 192 505 λέγεται
199 479 208 508 ὁ
212 474 267 502 μέγας
272 484 321 499 λιμὸς
333 477 365 497 οἷον
373 475 442 507 πούλιμός
443 474 463 507 τις
472 474 503 507 του-
547 466 593 497 ρκβ´.
13 478 49 528 Β

46 524 88 545 τέστι,
95 518 146 550 πολὺς
155 521 201 546 λιμός.
219 509 326 537 Βουλιμιῶσι
330 513 353 535 δέ,
363 513 382 531 οἱ
383 513 409 532 διὰ
420 514 450 531 χιόνος
475 509 507 534 μά-

50 563 86 579 λιστα
96 558 152 579 πολλῆς
157 553 249 579 βαδίζοντες.
264 551 342 579 Πάσχουσι
347 549 368 571 δὲ
373 550 412 568 τοῦτο,
413 557 452 570 καὶ
456 548 500 572 ἵπποι

55 596 82 617 καὶ
86 590 148 617 ἡμίονοι
164 591 201 613 καὶ
203 587 262 617 μάλιστα
269 586 309 607 ὅταν
314 586 372 613 ἰσχάδας
384 582 398 611 ἢ
399 583 446 617 μήλα
454 582 499 603 κομί-

448 619 501 642 ἢ
61 633 106 653 ζουσιν
124 631 131 650 ὃ
134 626 157 650 δὲ
160 623 287 649 θαυμασιώτατον
293 635 316 645 ἐστίν,
325 626 363 645 οὐκ
370 623 401 643 ἀνθρώπους
402 623 445 645 μόνον,

58 667 91 687 ἀλλὰ
98 675 123 687 καὶ
131 666 173 685 κτήνη
184 661 306 687 ἀνακρώννυσιν
318 659 360 684 ἄρτος
367 659 433 678 πάντων
439 659 490 675 ἐδωδί-
538 650 614 673 -ἀναρρώνυσιν

57 713 96 728 μων.
113 699 148 722 Ὥστε
158 703 191 723 κἂν
198 699 261 728 ἀλάχιστον
262 699 346 728 φάγωσιν,
352 699 400 718 εὐθὺς
405 693 464 715 ἴστανται
473 697 509 721 καὶ
