636 732
147 6 192 35 Ὥστε
193 7 230 32 ὅσα
231 8 317 38 διαφέρει
329 15 371 36 κατὰ
378 18 406 36 τὴν
414 21 463 38 οὐσίαν,
480 19 576 43 ὁμοχρόνως
577 27 600 43 δὲ

147 46 175 70 καὶ
176 47 237 79 ἄλληλα
246 52 336 74 ὑφέστηκεν.
346 52 457 76 Ὁμοϋπόστατα
466 55 490 76 καὶ
498 56 526 77 ἔστι
532 69 557 79 καὶ
562 58 595 81 ὀνο

146 83 230 110 μάζεται.
241 88 254 106 Οὐκ
272 87 318 108 εἰσὶν
329 86 345 110 οὖν
353 89 473 112 ὁμοϋπόστατα
477 96 489 111 ὁ
496 97 528 115 πατὴρ
535 95 560 104 καὶ
567 95 574 112 ὁ
580 93 601 116 υἱὸς

146 120 157 143 καὶ
161 125 173 143 τὸ
183 119 235 149 ἅγιον
245 123 285 143 πνεῦμα
306 120 315 144 εἰ
319 124 344 144 καὶ
347 127 406 147 μηδὲν
415 125 476 151 τούτων
484 133 596 152 πρεσβύτερον

147 157 158 179 καὶ
159 161 241 181 νεώτερον
265 164 294 180 ἐπεὶ
304 164 322 185 οὐ
326 166 421 187 διαφέρουσι
432 166 456 188 κατὰ
464 169 493 188 τὴν
501 166 550 189 οὐσίαν
564 169 593 192 ὁμο-

134 196 192 223 ούσια
198 203 215 217 δὲ
222 201 248 216 καὶ
258 194 281 219 εἰσὶ
285 194 318 220 καὶ
326 196 442 223 ὀνομάζονται:-
452 195 497 229 Περὶ
502 193 544 224 οὐσιώδους
545 192 604 225 ἑνώσεως
605 202 621 229 καὶ

13 226 53 260 ρλε´.
146 236 201 258 ὐσιώδης
216 232 271 263 ἕνωσις
282 235 318 261 ἐστὶν
324 234 334 257 ἡ
370 239 423 259 πολλὰς
432 238 513 266 ὑποστάσεις
524 243 538 266 εἰς
545 234 613 272 διαφορᾶς:-
338 234 367 262 τὰς
105 210 137 263 Ο

143 272 195 296 μίαν
198 270 243 300 οὐσίαν
252 268 350 301 συνάγουσα
364 274 394 295 οἷον,
406 281 419 296 οἱ
425 279 466 298 κατὰ
467 280 511 302 μέρος
520 280 581 300 πάντες
582 276 606 300 ἄν

145 314 215 335 θρωποι,
216 316 334 337 διῃρημένοι
337 315 374 332 μὲν
380 317 403 334 εἰσὶ
413 314 436 337 κατὰ
481 317 556 339 ὑποστάσεις
569 319 602 336 ἡνω
441 316 470 339 τὰς

143 346 192 368 μένοι
198 354 218 374 δέ,
226 348 268 368 κατὰ
274 348 307 368 τὴν
308 342 345 376 οὐσίαν,
350 349 389 369 ἤτοι
396 349 417 370 τὸν
423 349 467 372 λόγον
473 351 496 373 τῆς
506 353 597 376 ἀνθρωπότη

139 383 166 410 ρος.
185 387 223 412 Αὕτη
230 381 254 408 οὖν
256 383 265 405 ἡ
271 383 327 409 ἕνωσις
331 388 369 408 τῶν
370 384 459 411 ὑποστάσεων
469 389 510 410 κατὰ
511 386 544 412 τὴν
548 389 589 411 μίαν

143 422 196 451 οὐσίαν,
207 425 276 451 λέγεται
285 426 352 450 οὐσιώδης
362 423 416 450 ἕνωσις.
438 430 501 452 Οὐσιώδης
508 437 521 450 δὲ
528 428 551 452 ἔστι
558 436 606 457 διαφο

223 461 243 486 αἱ
144 461 176 488 ρά,
186 460 211 483 ὅταν
246 463 318 491 ἑνωθεῖσαι
329 464 378 492 φύσεις,
386 463 405 487 εἰς
413 465 459 488 μίαν
466 467 544 492 ὑπόστασιν
553 468 605 493 ἀσύγχυ

145 504 166 522 τοι
174 506 199 520 καὶ
209 496 290 522 ἀμείωτοι
296 496 366 529 μείνωσιν
381 502 413 531 οἷον
422 502 438 529 αἱ
444 506 466 532 δύο
474 503 525 530 φύσεις,
530 506 556 532 τοῦ
560 502 595 533 ἑνὸς

137 541 195 568 χριστοῦ
213 538 247 563 ἤτοι
253 537 336 564 θεότητος
342 541 363 567 καὶ
367 540 494 565 ἀνθρωπότητος.
505 541 523 563 Εἰς
525 541 573 563 μίαν
580 541 597 564 γὰρ

146 576 205 605 ἄμφω
212 579 306 608 συνελθοῦσαι
307 576 392 607 ὑπόστασιν,
403 580 413 601 οὐ
418 579 527 608 συνεχέθησαν
538 580 563 606 οὐδὲ
572 582 614 605 ἐμει

146 618 203 642 ώθησαν
219 619 239 642 ἀλλ᾽
243 619 308 642 ἔχουσιν
318 619 384 638 οὐσιώδη
385 619 409 636 τὴν
419 618 502 641 διαφοράν.
516 619 565 640 Ἑκάστη
573 623 588 642 γὰρ

140 655 169 674 τῶν
176 653 200 674 δύο
207 647 269 678 φύσεων
288 652 359 678 ἄφυρτος
367 658 391 678 ἐστὶ
400 667 424 677 καὶ
431 651 513 678 ἀσύγχυτος
521 656 556 676 κατά
557 654 577 674 γε
584 651 602 674 τὸν

142 692 170 713 τῆς
175 690 223 715 οὐσίας
229 692 271 714 λόγον
289 691 303 712 καὶ
308 700 410 718 διαφέρουσιν
420 691 488 718 ἀλλήλων
495 693 506 716 οὐ
514 693 536 715 κατὰ
542 703 565 711 τὴν
572 688 602 713 ὑπό
