603 755
40 31 60 59 γὰρ
67 30 105 53 αὐτὸν
112 31 141 55 καὶ
146 35 171 53 οὐκ
178 33 210 52 ἐᾶ
214 34 253 58 παρὰ
258 34 286 53 τῶν
290 26 355 58 θερμῶν
365 33 379 59 καὶ
384 35 430 56 νοτίων
438 37 478 58 πνευ-

40 76 83 99 μάτων
90 69 202 95 θερμαίνεσθαί
230 68 244 94 καὶ
204 63 224 98 τε
251 68 344 96 φλέγεσθαι,
358 76 386 94 διὰ
391 71 441 96 ταῦτα
446 66 492 98 ἔχον-

36 120 61 134 ται
70 112 78 130 oἱ
84 109 137 132 δωριεῖς
149 111 208 131 κακὴν
209 102 261 130 χόρτου
272 105 374 134 συγκομιδήν:-
411 112 464 131 Διατί

34 149 49 172 ἡ
53 145 120 174 ἄρκτος
130 144 163 168 οὐκ
164 144 210 166 ἐσθίει
214 140 248 170 τὰ
251 141 307 172 δίκτυα
313 139 352 171 ὅταν
354 139 448 172 ἀλίσκηται:-

39 188 72 205 ύκοι
77 179 114 205 μὲν
123 181 139 209 καὶ
144 177 198 208 ἄρνες
203 183 229 204 καὶ
232 186 241 201 τ᾽
242 181 283 209 ἄλλα
289 183 315 214 τῶν
320 181 394 206 θηρίων,
401 180 488 203 διαμασσᾶ-
533 167 576 199 ριδ´.
11 182 36 223 Λ

25 223 62 243 ται
61 221 88 240 τὰ
95 217 162 240 δίκτυα
170 217 214 237 ὅταν
221 221 239 238 ἐν
240 217 298 239 τούτοις
311 218 376 240 γένηται.
393 223 406 239 Ἡ
407 223 422 238 δὲ
426 217 474 240 ἄρκτος

33 262 61 278 τοὺς
69 254 128 277 ὁδόντας
136 253 189 281 ἔχουσα
196 251 233 281 εἴσω
237 256 260 279 τοῦ
261 250 356 280 χάμματος,
366 253 416 278 ἥκιστα
423 257 466 281 πρὸς

38 300 62 319 τὸν
68 294 113 317 λῖνον
125 290 218 320 ἐξικνεῖται.
238 291 349 318 Παρεμπίπτει
354 294 379 318 γὰρ
385 298 407 314 τὰ
408 294 463 319 χείλη

37 341 66 356 διὰ
71 332 120 360 πάχος
127 335 155 354 καὶ
160 327 241 357 μέγεθος
254 324 272 352 ἢ
273 330 335 355 μᾶλλον
340 328 415 355 ἰσχύουσα
419 327 455 358 ταῖς
458 333 498 357 χερ-

38 373 58 393 σὶ
70 370 127 395 ῥύγνυσι
134 370 165 393 καὶ
169 365 245 393 διασπᾶ
249 365 272 390 τὸν
279 366 335 394 βρόχον
344 370 374 390 καὶ
381 368 411 388 ταῖς
418 368 460 389 μὲν

33 411 81 429 χερσὶ
85 397 157 424 διασπᾶ
162 404 189 423 τὸν
192 399 235 422 λῖνον
249 402 274 425 τῷ
280 404 296 428 δὲ
304 402 372 427 στόματι,
378 398 466 427 ἀμύνεται

41 439 61 462 τοὺς
70 441 149 463 διώκοντας
163 436 174 461 ἢ
179 439 204 463 ὅτι
210 440 230 459 αἱ
234 440 372 466 περικυλινδήσεις,
383 435 466 466 μάλλιστα

36 478 133 502 βοηθοῦσιν
144 474 183 496 αὐτῇ
188 478 228 504 πρὸς
237 475 264 498 τὴν
276 476 367 508 ἀποφυγὴν
383 481 478 506 διασπῶσαι

34 515 53 537 τὸ
58 515 118 537 δίκτυον
129 515 159 540 καὶ
165 513 263 545 ῤυγνύουσαι.
285 512 328 537 Ὅθεν
333 519 410 540 πολλάκις
418 517 477 544 περικυ-

34 554 112 575 λιομένη
122 556 158 575 τοῖς
163 554 239 582 βρόχοις,
246 553 311 578 διαιρεῖ
312 553 372 575 τούτοις
384 556 411 577 καὶ
417 553 473 577 τέμνει

27 588 67 609 εἶτα
74 588 142 613 ῥαδίως
147 589 244 616 ἐκκυβιστᾶ
254 591 267 621 καὶ
275 592 344 616 σώζεται.
361 593 428 614 Πολλῶν
438 589 469 610 οὖν

36 630 78 653 ὄντων
88 633 131 653 αὐτῆ
134 625 250 654 ἀμυντηρίων
260 629 291 652 καὶ
297 630 391 654 ἀφορμῶν
392 631 416 649 εἰς
421 630 479 653 διαφυ-

36 660 56 689 γεῖν
69 671 105 693 τοῖς
106 668 165 694 μάλιστα
166 667 280 694 ἰσχυροτέροις
284 665 349 690 χρῆται
356 666 394 686 καὶ
403 662 490 685 διολυσθαί-

35 707 55 732 νει
58 704 83 729 τοῦ
90 703 147 726 βρόχου
158 705 187 725 ὑφ᾽
193 707 223 727 οὗ
222 705 329 725 κατέχεται:-
