541 740
57 22 131 45 λέγοντες,
138 26 228 48 χωρίζομεν
237 27 275 45 αὐτὸν
282 29 302 47 τοῦ
310 27 395 50 ἀνθρώπου,
404 27 433 48 οὔτε
442 26 502 50 ἄνθρω-

60 74 90 83 πον
94 62 139 85 μόνον
148 61 237 84 ὀνομάζοντες
244 59 330 87 χωρίζομεν
337 66 372 84 αὐτὸν
379 67 400 83 τοῦ
401 65 431 84 θεοῦ.
444 60 460 84 Εἷς
471 58 491 85 γὰρ

62 107 86 119 καὶ
94 93 137 116 αὐτὸς
146 99 170 118 ἐστὶ
179 103 216 120 καθ᾽
217 99 285 121 ὑπόστασιν,
290 101 324 119 ὅλος
329 98 357 127 θεὸς
366 101 389 121 καὶ
397 100 427 120 ὅλος
428 98 502 125 ἄνθρωπος

61 144 85 159 καὶ
93 132 177 159 ἀμφότερα
184 140 223 161 παρὰ
227 137 281 161 μέρος,
282 142 298 160 ὁ
303 138 342 156 αὐτὸς
350 137 441 160 ὀνομάζεται.
458 141 473 161 Οὐ
476 136 506 161 μέν-

57 171 81 196 ντοι
90 169 131 191 οὕτως
133 171 162 190 καὶ
171 173 198 195 ἐπὶ
199 174 223 192 τῆς
229 172 296 192 θεότητος
307 182 332 194 καὶ
337 174 360 193 τῆς
370 173 483 198 ἀνθρωπότητος.

59 206 130 229 Θεότητα
136 208 171 229 μὲν
177 202 201 229 γὰρ
207 206 277 230 λέγοντες,
286 210 301 236 οὐ
307 207 443 232 συνεμφαίνομεν
450 212 494 230 αὐτῇ

62 244 91 268 καὶ
95 245 118 265 τὰ
125 245 153 264 τῆς
158 246 273 270 ἀνθρωπότητος
278 247 362 268 ἰδιώματα
378 248 395 265 οὐ
398 245 420 269 γὰρ
429 250 488 271 φαμὲν

57 281 137 305 θεότητα
144 286 217 303 παθητὴν
228 280 237 302 ἢν
243 289 292 304 κτιστὴν
310 283 349 302 οὐδὲ
353 284 398 310 πάλιν
402 286 461 310 λέγοντες
469 288 509 313 ἀν-

55 320 168 345 θρωπότητα
180 331 206 343 καὶ
209 321 234 340 τὰ
238 322 266 341 τῆς
269 320 339 342 θεότητος
347 322 423 344 ἰδιώματα
436 325 470 345 μετ᾽
471 326 502 344 αὐτῆς

59 356 257 381 συνεκλαμβανόμεθα.
270 361 285 378 Οὐ
290 355 317 382 γὰρ
325 362 383 384 φαμὲν
394 357 505 384 ἀνθρωπότητα

60 391 120 415 ἄκτιστον
129 391 139 413 ἢ
147 398 208 416 ἀπαθῆ.
223 397 249 416 Ἐπὶ
256 400 271 415 δὲ
277 394 300 414 τῆς
301 396 342 417 μιᾶς
348 396 450 422 ὑποστάσεως,
456 400 478 423 οὐχ
485 396 503 421 οὕ-

55 432 89 451 τως
108 429 140 457 ἀλλὰ
147 430 227 454 θαρροῦντες
237 428 352 455 ὁμολογοῦμεν
371 438 395 455 καὶ
405 435 452 455 μόνως
457 435 485 455 θεὸν

58 479 85 491 καὶ
93 471 148 490 μόνως
159 467 246 495 ἄνθρωπον
264 480 290 492 καὶ
298 473 317 494 τὸ
323 470 448 495 συναμφότερον
449 480 479 495 χριστόν.

60 503 96 534 Ἀλλὰ
103 516 129 527 καὶ
134 501 160 523 θεὸν
166 505 239 529 λέγοντες
253 518 282 529 καὶ
291 504 383 532 ἄνθρωπον
392 510 462 530 νοοῦμεν
479 508 497 537 καὶ

57 542 149 569 ἄνθρωπον
155 544 222 570 λέγοντες
237 544 252 571 καὶ
258 544 296 566 θεὸν
305 545 412 568 ὁμολογοῦμεν
431 546 455 566 καὶ
459 544 495 567 τὸν

59 580 105 599 αὐτὸν
115 582 188 603 λέγομεν
193 580 220 601 θεὸν
231 591 256 603 καὶ
263 582 334 603 παθητόν,
341 583 383 602 καθὸ
395 575 487 603 ἄνθρωπον.

59 625 85 639 Καὶ
94 618 163 637 παιδίον
173 617 223 643 πάλιν
230 617 325 643 προαιώνιον
336 619 351 643 καὶ
360 612 423 642 ἄναρχον
432 623 475 643 καθὸ
479 614 507 640 θεὸν

58 661 84 676 καὶ
94 649 138 672 οὕτως
145 653 178 676 ἐστὶν
186 656 191 672 ὁ
198 655 257 676 τρόπος
264 654 291 673 τῆς
302 655 393 676 ἀντιδόσεως
415 656 490 675 ἀντιδιδού-

53 696 87 714 σης
90 693 173 716 ἑκατέρας
182 693 245 718 φύσεως
255 693 283 718 τῇ
284 696 337 715 ἑτέρᾳ
339 699 361 717 τὰ
418 695 448 715 διὰ
454 694 499 712 τὴν
370 692 410 713 ἴδια
