637 757
139 27 191 49 Τούτου
199 31 216 57 δὲ
222 28 248 50 τοῦ
253 28 338 53 πρηστῆρος,
350 40 375 51 καὶ
384 31 466 53 προηγεῖται
470 35 508 62 πνεῦμα,
517 33 530 59 καὶ
534 38 569 54 τοῦτο
574 39 599 60 δῆ-

143 67 179 86 λον,
189 67 211 85 ἐκ
217 67 240 84 τοῦ
241 67 264 83 τὰ
273 64 336 92 μέλλοντα
350 69 473 92 ἐμπιπρᾶσθαι,
482 74 544 93 πρῶτον
549 70 589 89 ὑπὸ

147 102 233 124 πνεύματος
243 102 327 126 ῥήγνυσθαι
345 104 365 122 τὸ
372 104 440 127 πνεῦμα
448 109 473 126 τοῦ
479 109 555 130 πρηστῆρος
558 106 601 128 θεῶ-

148 142 175 160 δες
185 140 204 161 ὄν,
209 136 269 160 πλήττει
279 150 306 161 καὶ
314 138 385 166 ῥήγνυσιν.
402 142 444 163 Ὅθεν
450 142 477 165 καὶ
483 147 507 164 τὰ
515 146 581 166 κεραυνω-

143 175 212 197 θέντα,
221 176 269 195 μένει
276 173 367 197 διεστηκότα
373 178 432 201 χρόνον
433 182 484 199 τινά,
486 176 536 198 τοῦτο
543 180 560 199 δὲ
565 184 585 201 τὸ

147 210 218 235 πνεῦμα,
221 213 249 235 οὐ
259 212 353 239 προηγεῖται
363 214 420 238 μόνον,
430 216 468 241 ἀλλὰ
475 214 503 237 καὶ
507 216 567 236 συνέστη
568 219 591 235 τῷ

146 256 217 276 πρηστῆρι
230 252 260 274 καὶ
266 251 387 273 ἐπακολουθεῖ.
410 252 494 279 Σποράδην
501 256 521 273 δὲ
525 257 589 279 διαχεό-

140 287 196 312 μενον
207 288 237 313 καὶ
240 289 373 316 λεπτομερέστερον
383 285 406 311 ὄν,
418 291 483 317 βροντὰς
491 293 527 315 ποιεῖ
532 294 547 320 καὶ
553 297 594 320 ἀστρα-

145 327 182 351 πὰς
202 328 229 349 καὶ
240 328 313 356 ἐξαυθὲν
319 329 353 348 μέν,
370 327 409 351 ποιεῖ
414 330 487 358 κεραυνὸν
498 330 524 352 καὶ
534 335 586 360 ἀστρα-

147 364 183 387 πὴν
192 374 215 385 καὶ
225 369 304 390 πρηστῆρα
318 367 344 389 μὴ
352 365 432 392 ἐξαφθὲν
437 371 460 391 δέ,
468 368 556 390 ἐκνεφίαν
564 370 588 390 καὶ

143 404 219 426 τυφῶνα.
236 401 294 423 Πάντα
300 406 316 420 δὲ
325 407 374 425 ταῦτα
384 403 432 428 κατὰ
439 401 576 428 ἐκπυρινισμὸν

134 440 206 468 γίνονται:-
242 436 280 469 Περὶ
286 437 320 465 τῆς
332 444 361 467 τοῦ
369 434 427 467 νείλου
437 437 574 470 ἀναβάσεως:-

21 471 61 515 ρ´.
108 455 131 510 Ὁ
150 481 198 501 νεῖλος
204 480 231 498 τὰς
240 480 271 499 μὲν
282 480 329 504 ἀρχὰς
337 484 365 501 τῆς
375 478 445 505 ῥύσεως,
454 485 477 502 ἐκ
483 485 511 502 τῶν
519 481 571 503 ἄκρων
576 482 607 499 μὲν

145 520 175 537 τῆς
181 516 277 538 αἰθιοπίας
296 516 358 545 ἐσχάτων
363 520 381 534 δὲ
389 519 415 537 τῆς
422 514 481 541 λιβύης
488 516 566 540 λαμβάνει

146 555 188 576 καθ᾽
193 554 205 579 ὃ
209 550 255 576 μέρος
263 558 283 578 τὸ
290 554 348 576 κλίμα
356 558 374 581 τὸ
382 556 475 574 ἀνατολικὸν
486 556 560 576 ἀπολῆγον,
564 556 599 582 ἀρ-

133 601 167 620 χὴν
175 593 197 615 τῇ
202 590 308 617 μεσημβρίᾳ
319 595 385 614 δίδωσιν.
405 589 473 620 Αὔξεται
479 597 495 612 δὲ
504 596 544 618 κατὰ
552 595 584 613 τὴν

142 633 221 654 θερινὴν
233 625 282 654 ὥραν
300 633 326 656 οὐχ
327 633 343 656 ὥς
344 630 386 651 τινες
399 631 481 652 ὠήθησαν
491 633 531 655 πρὸς
535 630 570 649 τὴν

148 666 222 688 ἐτησίων
231 670 305 689 ἀνέμων
316 668 393 692 ἀντικρὺ
394 665 487 691 πνεόντων
509 667 592 688 ἀνακοπτό-

527 705 579 725 κατὰ
445 706 516 731 ἀνέμων
404 709 442 735 τῶν
334 705 397 730 τούτων
307 706 328 727 δὴ
244 704 302 731 αὐτῶν
214 709 241 730 Ἀλλ᾽
143 705 199 732 μενος.
