653 742
166 16 190 39 ἐν
191 18 214 35 τῇ
220 22 238 39 τοῦ
239 16 269 39 χριστοῦ
276 17 360 42 ὑποστάσει
370 16 481 45 συνεγήγερται
512 23 549 45 θεῷ:-
482 20 509 43 τῷ

162 56 202 75 Περὶ
214 57 281 79 φύσεως
291 55 367 77 ἀπαθοῦς
380 54 394 75 καὶ
395 54 469 81 πάθους
478 63 512 86 τοῦ
513 60 544 86 χριστοῦ:-

34 85 79 122 ρνβ´.
172 97 230 119 φείλεις
237 91 319 120 ὁμολογεῖν
331 95 357 114 ὅτι
365 98 375 115 ἡ
376 97 422 121 φύσις
425 99 451 115 τοῦ
455 96 498 119 λόγου
507 99 609 122 ἐσαρκώθη
127 69 160 122 Ὀ

174 127 204 149 ἤτοι
211 131 263 151 ἡνώθη
271 127 325 153 σαρκὶ
342 131 359 150 οὐ
362 129 400 151 μὴν
405 131 428 152 ὅτι
435 134 445 151 ἡ
449 132 492 158 φύσις
498 139 523 154 τοῦ
528 135 573 158 λόγου
578 138 611 156 ἔπα-

173 169 201 184 θε
210 176 263 190 σαρκί.
289 167 314 186 Ὅτι
323 165 362 188 μὲν
391 167 415 192 ὁ
413 170 447 186 θεὸς
458 166 552 195 ἄνθρωπος
559 168 615 193 γέγονεν,
366 169 387 183 γὰρ

174 211 201 224 καὶ
211 200 255 224 αὖθις
264 205 278 224 ὁ
282 202 375 229 ἄνθρωπος
383 208 410 229 θεός,
411 204 534 229 ὁμολογοῦμεν
551 208 582 228 καὶ
585 206 611 226 ὅτι

172 239 188 258 ἡ
189 238 243 260 θεότης
254 240 306 259 ἡνώθη
307 241 340 264 τῇ
345 241 472 266 ἀνθρωπότητι
489 245 512 265 ἐν
515 246 553 266 μιᾷ
559 248 590 266 τῶν
594 249 613 265 αὐ-

168 279 198 298 τῆς
204 275 316 300 ὑποστάσεων
322 280 460 301 μεμαθήκαμεν
480 280 510 300 ὅτι
518 282 536 299 δὲ
543 283 554 301 ἡ
558 282 611 301 θεότης

171 309 264 338 ἄνθρωπος
272 312 332 340 γέγονεν
342 311 353 335 ἢ
358 317 460 341 ἐσαρκώθη
481 319 488 336 ἢ
497 319 602 341 ἐνυθρώπη-

173 360 208 374 σεν,
217 355 305 374 οὐδαμῶς
310 353 417 376 ἀκηκόαμεν.
432 355 492 374 Ἐπειδὴ
493 353 524 373 οὖν
532 360 557 374 δύο
558 357 608 380 φύσεις

167 387 200 410 τοῦ
201 389 230 413 χριστοῦ,
237 387 267 407 δύο
272 390 321 408 αὐτοῦ
323 390 423 412 θελήματα
431 394 493 413 πάντως
494 392 530 411 τὰ
535 395 602 416 φυσικὰ

171 427 203 450 καὶ
206 429 301 448 θελητικῶς
309 427 419 453 ἀμφοτέρων
426 429 464 449 ἐστὶν
469 432 479 447 ὁ
482 429 522 449 αὐτὸς
532 432 564 454 κατ᾽
566 429 621 456 ἄμφω

167 463 199 483 τὰς
209 464 256 483 αὐτοῦ
262 464 310 488 φύσεις.
324 466 351 485 Τὴν
358 463 383 490 γὰρ
392 467 467 492 φυσικῶς
472 466 602 494 ἐνυπάρχουσαν

170 496 211 520 ἡμῖν
215 500 314 520 θελητικὴν
323 501 410 527 δύναμιν,
419 501 497 526 ἀνέλαβε.
514 503 537 533 Δύο
541 507 573 530 οὖν
582 508 614 529 καὶ

162 538 195 557 τὰς
204 537 282 560 ἐνεργείας
289 537 337 565 αὐτοῦ
340 538 405 562 φαμέν.
419 538 449 564 Εἶχε
456 538 481 562 γὰρ
488 542 509 560 ὡς
515 553 545 564 μὲν
549 542 572 562 θεὸς
579 543 610 566 τῷ

171 580 221 598 πατρὶ
230 578 313 596 ὁμούσιος
324 573 350 593 τὴν
354 571 399 608 θείαν
407 575 487 601 ἐνέργειαν
504 583 524 598 ὡς
525 582 546 597 δὲ
552 575 602 601 ἄνθρω-

165 618 198 637 πος
204 613 288 636 γενόμενος
295 613 327 636 καὶ
332 609 377 633 ἡμῖν
382 616 469 639 ὁμούσιος,
476 620 506 636 τῆς
513 615 605 642 ἀνθρωπί-

162 653 199 673 νης
206 649 272 673 φύσεως
281 652 312 668 τὴν
320 650 427 675 ἐνέργειαν:-
448 650 482 677 Περὶ
487 651 526 677 νοῦ:-

231 689 270 709 νοῦς
21 691 59 707 ρμγ´.
127 655 148 710 Ο
190 683 230 712 πᾶς
275 686 358 711 μετέχεται
367 687 404 709 ὑπὸ
409 687 461 708 πάσης
467 689 513 711 ψυχῆς
527 691 536 720 ὁ
540 693 560 713 δὲ
564 685 607 714 πρῶ-
160 682 185 709 ὐ
