581 754
42 42 83 71 σύκα
91 40 142 72 γίνεται.
165 44 212 66 Ὀλκῆς
217 35 242 65 γὰρ
253 39 305 66 ἑκάστῳ
312 43 336 60 καὶ
342 37 393 61 φορᾶς
401 37 443 59 πρὸς
449 37 477 67 τὰ

46 84 136 107 σύμφυλλα
144 81 171 103 καὶ
177 77 228 100 ὅμοια
238 73 319 101 γινομένως
338 72 372 93 ὅσον
379 69 412 97 ἐστὶν
418 72 436 96 ἐν
437 70 458 96 τῇ
463 69 485 98 γλυ-

45 120 77 146 κεία
89 120 131 139 συκῇ
141 113 202 141 δριμύ,
210 117 229 135 εἰς
233 111 257 133 τὴν
265 111 315 139 ἀγρίαν
320 109 416 132 μεταβαίνει
417 109 480 131 συκῆν

48 144 64 175 καὶ
71 152 139 175 ἄμικτον
140 147 167 171 τὴν
174 151 198 172 τοῦ
206 147 256 170 σύκου
264 147 366 173 διαφυλάττει
370 139 487 170 γλυκύτητα:-

47 184 74 214 Διὰ
76 183 124 218 τίνα
130 179 155 212 αἰτίαν
185 185 202 208 τῶν
211 178 243 213 ἀγρίων
249 180 294 207 συῶν
303 182 390 208 δάκρυον
399 177 455 202 ἡδύ:-
162 180 177 214 τὸ

55 231 84 249 oῦτο
90 223 118 245 διὰ
130 219 227 246 θερμότητα
241 220 258 247 καὶ
261 216 351 247 ψυχρότητα
357 219 415 246 γίνεται
436 219 441 237 ὁ
442 214 484 237 μὲν
520 204 554 236 ριθ´.
18 224 48 282 T

55 265 79 288 γὰρ
90 266 155 288 ἔλαφος,
159 261 219 288 ψυχρὸς
231 256 280 288 ὅθεν
289 257 303 284 καὶ
311 260 356 285 δειλὸς
365 256 391 277 καὶ
396 256 455 280 φεύγων
463 251 490 284 ἀεί,

55 304 114 323 διώκων
118 303 134 317 δὲ
145 297 223 318 οὐδέποτε
242 297 254 315 ὁ
255 296 271 323 δὲ
280 295 328 320 χοῖρος
332 291 394 315 θερμός.
412 292 466 310 Ἔνθέν
467 292 493 312 τοι

52 343 73 362 τὸ
80 339 139 355 θερμὸν
148 334 176 357 τοῖς
187 333 277 357 ὀφθαλμοῖς
286 331 317 354 τῶν
326 331 370 351 συῶν
379 325 497 356 ἐγκαθήμενον,

58 367 114 403 πέπτει
117 374 172 401 τούτοις
181 373 196 392 τὸ
201 367 271 394 δάκρυον
290 368 317 392 καὶ
321 366 368 388 γλυκὺ
377 360 484 391 ἀπεργάζεται

51 414 73 440 τὸ
77 413 95 433 δὲ
98 412 158 434 ψυχρὸν
162 406 261 434 μεταβάλειν
267 407 313 426 τοῦτο
318 406 346 424 τοῖς
356 405 416 430 ἐλάφοις
425 403 449 426 μὴ
457 400 508 426 ἐξισχύ-

58 463 80 472 oν,
88 449 155 471 ἁλμυρὸν
162 450 215 470 τοῦτον
223 457 252 469 καὶ
261 446 329 471 φαῦλον
335 442 361 466 ἐᾶ.
377 437 422 460 Οὐδὲν
428 436 451 462 γὰρ
457 437 490 458 τῶν

59 492 119 509 πάντων
129 488 195 507 ἀναίτιον
208 488 219 504 εἰ
225 486 253 508 καὶ
258 480 318 504 πολλὰ
323 476 351 501 τὴν
358 478 435 501 ἡμετέραν
441 479 510 501 διαφεύ-

59 529 82 544 γει
83 522 168 550 κατάληψιν.
184 517 206 542 Δεῖ
209 520 229 539 δὲ
232 520 259 542 μὴ
265 518 290 541 ἀεὶ
297 517 326 539 τὰς
334 517 427 543 ἀληθεστέρας
434 513 504 543 διώκειν

53 557 87 591 τῶν
94 559 147 582 αἰτιῶν
168 558 206 584 ἀλλὰ
211 565 237 578 καὶ
246 556 284 577 ταῖς
292 555 414 576 πιθανοτέραις
419 550 500 584 ἀρκεῖσθαι.

60 594 90 616 ἐπεὶ
97 607 123 616 καὶ
131 598 171 616 τοῦτο
178 594 246 616 πλάτων
250 595 381 614 παρακελεύεται
394 591 414 612 ἐν
417 589 438 609 τῷ
444 586 495 614 διαλό-

58 647 82 661 γῳ
89 638 110 657 τῷ
117 637 182 661 φαίδωνι
203 636 218 660 οὐ
219 633 243 658 τὰ
249 628 342 653 ἀνέλεγκτα
348 624 400 651 μόνον
410 629 453 661 ἀλλὰ
459 626 504 661 καὶ

52 673 77 691 τὰ
78 670 183 699 εὐσέλεγκτα
188 671 319 699 προσδεχόμενος:-
354 671 379 687 Διὰ
380 667 439 686 τίνα
446 667 484 684 αἰτίαν
491 674 517 691 αἱ

430 699 475 722 ὕδωρ
314 700 405 731 ψυχρότερον
184 707 301 730 μολιβδίδες
164 710 185 733 αἱ
135 708 161 733 καὶ
45 712 130 731 χάληκες
482 698 539 724 ποιοῦσι:-
409 698 427 722 τὸ
