648 754
156 29 218 53 νήσεως
230 36 253 48 καὶ
262 24 378 50 ἐκπορεύσεως,
387 27 416 54 οὐκ
417 29 462 58 οἶδεν
471 25 522 53 οὐδείς.
537 30 611 53 Διαφέ-

160 67 199 88 ρουσι
208 67 223 82 δὲ
237 62 257 86 αἱ
267 59 346 87 ὑποστάσεις
356 68 400 91 μόναι
407 67 437 90 ταῖς
442 68 548 90 ὑποστατικαῖς
554 66 615 89 ἰδιότησι

156 95 185 120 ἤτοι
192 102 213 126 τῇ
223 99 306 127 ἀγεννησίᾳ
318 100 344 124 καὶ
349 99 371 126 τῇ
374 98 440 125 γεννήσει
448 104 470 124 καὶ
478 104 500 132 τῇ
507 102 609 131 ἐκπορεύσει

158 135 250 166 ἀδιαιρέτως
258 141 301 165 κατὰ
306 138 359 160 ταύτας
370 141 481 163 διαιρούμεναι.
501 140 550 163 Ἕκαστον
552 141 575 171 δὲ
575 148 606 172 τῶν

157 173 205 199 τριῶν
215 172 310 197 προσώπων,
318 174 376 196 τελείως
380 174 404 198 ἔχει
410 174 484 199 ὑπόστασιν
497 175 522 198 ἐν
528 175 551 200 γὰρ
555 179 599 200 τρισὶ

152 212 214 234 τελείαις
220 208 324 241 ὑποστάσεσι,
333 212 370 234 μία
382 213 421 234 ἁπλὴ
431 212 477 235 οὐσία
484 217 506 237 καὶ
512 216 599 243 ὑπερτελὴς

157 247 185 271 καὶ
189 251 280 273 προτέλειος.
297 253 388 278 Παράκλητον
398 250 417 277 δὲ
425 252 449 274 καὶ
454 253 467 272 τὸ
477 254 540 275 πνεῦμα
552 255 574 278 καὶ
575 254 603 275 τὸν

157 290 183 318 υἱὸν
193 284 298 311 ὀνομαζόμενον
315 291 335 309 ὡς
340 289 363 309 τὰς
370 289 402 310 τῶν
409 288 446 308 ὅλων
456 291 561 318 παρακλήσεις
566 293 606 318 δεχό-

153 335 207 349 μενον.
212 327 246 346 Τὸ
247 325 301 348 μέντοι
308 325 388 350 πνεῦμα,
400 327 424 346 ἐκ
432 326 454 344 τοῦ
461 330 510 355 πατρὸς
516 340 548 351 μὲν
553 330 608 355 φαμὲν

149 359 272 386 ἐκπορεύεσθαι
276 365 296 385 δι᾽
297 364 330 390 υἱοῦ
335 368 351 384 δὲ
361 366 510 389 μεταδίδοσθαι:-

202 398 247 425 Περὶ
253 400 283 427 τοῦ
292 395 362 425 τρόπου
363 398 399 426 τῆς
400 397 522 427 ἀντιδόσεως:-

14 426 50 468 ρμ´.
157 442 206 463 ρόσεχε
218 444 288 459 δέσποτά
296 450 322 457 μου
334 440 359 467 τῷ
363 441 428 465 δὀγματι
438 439 484 468 τούτῳ
501 432 544 466 λίαν
541 429 570 471 γάρ
577 434 607 467 ἐστι
113 436 151 481 Π

155 478 266 498 δυσκολώτατον
270 479 296 500 καὶ
307 478 422 506 ἀναγκαιότατον
439 476 480 499 ὅθεν
486 478 511 501 καὶ
521 482 546 498 δια
547 476 600 501 πλειόνων

153 510 205 533 λόγων
210 515 229 532 σοι
240 515 394 539 διατρανωθήσεται.
411 516 475 539 Ὀφείλεις
483 515 543 537 εἰδέναι
544 514 614 537 θειότατε

155 546 234 577 βασιλεῦ,
243 552 281 572 ὅταν
287 563 320 573 μὲν
328 553 364 575 λέγω
372 556 446 575 θεότητα
456 565 481 577 καὶ
489 551 600 581 ἀνθρωπότητα,

156 591 200 611 ὅλην
201 592 224 609 τὴν
231 591 275 615 φύσιν
288 591 372 611 δηλοῦμεν
373 594 403 611 τῆς
407 589 483 616 θεότητος,
492 592 518 615 καὶ
521 592 558 613 ὅλην
564 593 597 610 τὴν

154 626 202 653 φύσιν
212 629 238 649 τῆς
252 629 371 655 ἀνθρωπότητος.
393 629 436 650 Ὅταν
442 634 458 649 δὲ
466 630 550 658 λέγωμεν
554 626 583 651 θεὸν
590 628 604 654 καὶ

152 664 245 690 ἄνθρωπον,
250 666 278 689 οὐ
286 666 361 689 πάντοτε
366 666 396 689 τὰς
402 665 478 688 ὁλότητας
486 660 513 693 τῶν
514 666 580 690 φύσεων

153 702 177 728 ἀλλ᾽
181 703 219 724 ἔστιν
220 699 245 721 ὅτε
255 713 280 726 καὶ
287 702 307 724 τὰ
313 704 394 728 πρόσωπα
402 702 415 736 καὶ
418 702 452 723 τὰς
454 702 529 725 ὑποστάσεις.
551 700 589 723 Ὅταν
592 698 618 729 μὲν
