650 756
151 45 228 64 κορυφὴν
236 40 284 61 ἡμῶν
295 44 386 65 γινόμενοι
393 44 404 63 οἱ
414 40 503 68 πλανῆτες,
516 50 567 71 ποιοῦσι
574 44 608 70 μέγα

149 75 206 99 θέρος
218 76 334 96 ἀφιστάμενοι
344 83 362 99 δὲ
372 80 393 108 ἐκ
401 74 489 111 διαμέτρου,
499 87 552 108 ποιοῦσι
561 81 607 112 μέγαν

146 108 218 135 χειμῶνα.
229 115 255 132 Καὶ
262 115 276 135 ἐν
281 111 317 133 μὲν
322 112 351 134 τῷ
354 116 438 139 μεγάλῳ
443 124 516 142 χειμῶνι,
525 123 604 146 θαλαττοῦ-

145 148 170 168 ται
171 150 186 167 ἡ
190 146 264 174 ἤπειρος
275 149 294 176 ἐν
301 155 317 180 δὲ
325 153 348 176 τῷ
355 151 432 180 μεγάλῳ
441 155 484 179 θέρει
489 154 595 188 ἠπειροῦται

149 182 163 203 ἡ
166 182 262 208 θάλασσα:-
315 183 354 210 Περὶ
363 183 474 209 σεισμῶν:-

25 218 50 244 ρε´.
104 225 138 269 Τ
168 219 237 248 σεισμόν,
247 223 282 244 ποιεῖ
283 222 316 245 μὲν
334 224 367 247 θεὸς
369 223 416 249 ὥσπερ
424 224 441 247 δὴ
448 227 473 247 καὶ
477 227 501 249 τὰ
505 229 535 260 ἄλλα
543 230 617 259 σύμπαν-
319 220 332 246 ὁ
138 224 160 245 ὸν

141 260 168 278 τα
188 258 234 283 κατα
235 260 253 289 τό,
263 261 273 286 ὁ
275 260 384 287 ἐπιβλέπων
393 266 426 288 ἐπὶ
432 262 461 292 τὴν
469 267 495 293 γῆν
499 271 524 289 καὶ
533 269 580 292 ποιῶν
584 273 609 292 αὐ-

144 296 171 325 τὴν
178 295 253 325 τρέμειν
272 305 356 326 προσεχὲς
364 302 381 320 δὲ
385 300 439 331 τούτου
445 303 508 330 αἴτιον,
515 305 531 328 τὸ
534 306 587 329 ἀναπε-

145 331 238 361 μπόμενον
245 334 273 358 ἀπὸ
275 335 300 357 τῆς
305 336 331 365 γῆς
340 334 405 360 πνεῦμα
420 335 455 361 ὅταν
464 340 496 368 εἴσω
503 337 545 369 τύχοι
550 339 589 369 ῥυὲν

147 371 162 391 τὸ
171 371 201 398 ἔξω
209 373 371 396 ἀναθυμιώμενον.
387 380 412 397 Δια
413 373 468 400 ταῦτα
477 380 502 399 καὶ
506 377 585 399 νηνεμίας

142 407 208 437 γίνονται,
215 413 228 438 οἱ
233 408 293 434 πλείους
300 408 377 440 μέγιστοι
378 413 411 435 τῶν
418 414 488 436 σεισμῶν.
505 415 596 440 Καταλύεται

145 452 160 474 γὰρ
168 444 267 470 τηνικαῦτα
272 448 304 472 ὑπὸ
305 450 337 477 γῆν
341 451 357 471 τὸ
365 448 427 473 αἴτιον
435 451 457 473 τῶν
458 451 533 475 σεισμῶν.
547 452 591 477 Γίνονται

147 491 160 507 δὲ
167 486 181 506 οἱ
186 483 290 516 ἰσχυρότεροι
297 490 328 510 τῶν
335 487 406 511 σεισμῶν,
417 487 450 510 ὅπου
451 489 465 509 ἡ
467 486 542 516 θάλαττα
546 479 609 516 ῥοώδης

141 518 157 551 καὶ
159 519 174 550 ἡ
175 526 224 550 χώρα
225 530 299 548 σομφὴ
305 520 329 545 καὶ
339 519 424 550 ὕπανδρος
444 523 470 548 διὰ
471 518 502 550 γὰρ
503 527 524 548 τὴν
532 521 602 550 στενότητα

141 559 156 579 τὸ
163 552 230 582 πνεῦμα
231 560 334 591 γινόμενον
341 562 408 590 σφοδρόν,
420 561 460 593 μᾶλλον
465 562 494 588 σείει
503 565 532 588 τὴν
536 567 562 592 γῆν.
577 566 595 592 Αἵ

140 596 163 627 τε
164 596 222 626 χῶραι
230 595 268 618 ὅσαι
274 608 353 625 σομφοὺς
363 597 415 627 ἔχουσι
424 597 451 625 τοὺς
462 599 505 623 κάτω
513 604 571 627 τόπους,
577 606 599 627 πο-

141 646 162 658 λὺ
170 634 264 667 δεχόμεναι,
281 634 346 659 σείονται
352 629 402 670 μᾶλλον
409 634 439 661 ὅ,τε
447 633 501 669 ἥλιος,
512 636 593 670 ἀχλυώδης

142 675 170 701 καὶ
177 677 261 702 ἀμαυρὸς
262 673 339 704 φαίνεται
348 672 437 698 ὑπονοστεῖν
445 673 542 706 ἀρχομένου
548 676 571 699 τοῦ
575 673 602 699 σώ

142 708 247 731 πνεύματος
257 716 274 741 εἰς
279 714 309 732 τὴν
314 713 339 740 γῆν
349 715 375 738 τοῦ
383 712 469 744 διαλύοντοις
510 712 535 740 ἀέρα
477 713 505 741 τὸν
546 707 562 743 καὶ
568 713 602 740 δια-
