602 750
48 31 95 53 ἑαυτοῖς
104 27 153 54 ἕλκοντα,
167 23 191 45 τὴν
192 22 283 49 χρηστοτέραν
292 15 345 43 ἀφίησι.
361 18 386 36 Διὰ
387 13 431 54 ταῦτα
432 20 494 54 φησὶ

49 84 68 92 καὶ
79 74 86 89 ἡ
91 69 135 92 γραφὴ
152 68 161 85 ἡ
165 64 206 82 συκῆ
210 57 274 85 ἐξήνεγκε
277 60 304 81 τοὺς
311 57 388 80 ὁλύνθους
393 56 451 78 ἑαυτοῖς.
464 56 494 92 Τοῦτ᾽

51 111 72 130 ἔστιν
84 108 93 124 ἡ
138 105 164 120 διὰ
171 97 258 120 καθάρσεως
262 97 287 116 τὸ
296 94 356 120 ἄχρηστον
364 94 416 113 ἅπαν,
425 96 476 123 ὥσπερ
99 107 130 122 ψυχὴ

45 146 115 160 ὄλυνθον
120 140 196 160 ἐξήνεγκε
201 138 212 158 καὶ
220 133 332 157 ἀπωχέτευσεν:-
358 131 377 152 Πῶς
384 131 399 152 οἱ
405 123 450 148 ὄνειροι
456 123 505 148 γίνονται:-

33 194 80 218 ολλαὶ
123 177 179 210 ὀνείρων
189 174 226 199 εἰσὶν
233 176 252 194 αἱ
256 172 313 200 αἰτίαι
328 172 341 190 οἱ
342 175 377 192 μὲν
385 167 407 190 γὰρ
416 167 465 185 αὐτῶν
472 167 489 184 εἰ-
527 153 572 184 ρκδ´.
86 180 117 209 τῶν
5 193 41 231 Π

42 225 61 242 σὶ
65 221 147 244 θεόπνευστοι
159 214 223 238 ἄνωθεν
232 215 264 232 διὰ
273 211 326 234 μέσου
333 210 353 228 τοῦ
357 209 381 228 νοῦ
388 209 404 226 τη
407 209 458 229 λογικῆ
462 209 492 233 ψυ-

45 264 62 284 χῆ
71 260 116 285 ἡμῶν
118 256 211 285 ἐγγινόμενοι
230 254 242 272 οἱ
247 254 266 270 δὲ
277 246 305 285 οἶον
314 246 416 270 ἀπηχήματα
420 247 450 268 εἰσὶ
454 246 498 264 τῶν

44 301 127 317 ἡμερινῶν
129 292 203 318 πράξεων
223 291 235 308 οἱ
242 288 263 306 δὲ
270 287 302 306 ἀπὸ
306 287 331 304 τῆς
337 280 428 311 φανταστικῆς
428 278 508 309 ἐντυποῦν-

49 341 74 356 ται
80 333 173 354 δυνάμεως,
187 322 299 353 φανταζούσης
308 321 349 345 ἡμῖν
354 320 381 341 τοὺς
391 320 462 344 ἡμερινοὺς
472 320 502 344 ἔρω-

49 378 74 390 τας
91 367 100 390 ἢ
106 366 140 390 ἄλλό
141 368 150 387 τι
158 365 214 390 πάθος
222 365 268 390 ψυχῆς
287 359 340 382 ἕτεροι
347 360 362 376 δὲ
370 359 402 375 ἀπὸ
406 359 436 372 τῶν
441 348 503 374 τεσσάρων

54 392 109 427 χυμῶν
113 392 214 427 ἀνεγείρονται.
227 402 268 423 Ὅθεν
278 398 307 421 καὶ
308 399 329 419 τὰ
330 395 419 422 χρώματα
420 393 448 413 τῶν
449 394 504 427 ὁρω-

46 444 110 466 μένων,
117 445 160 466 ὅμοια
161 442 202 466 τῶν
203 439 265 467 χυμῶν
272 435 331 463 ἔχουσι,
338 437 349 454 οἱ
355 433 372 452 δὲ
379 433 405 452 τὰς
415 429 459 449 ἰδέας
467 430 502 449 ἡμῖν

53 469 143 504 ἐμφαίνουσι
151 480 179 499 τῶν
185 478 244 504 τεχνῶν
251 475 278 499 καὶ
281 475 312 494 τῶν
322 469 445 504 ἐπιτηδευμάτων
460 469 482 496 περὶ

55 506 67 538 ἃ
74 506 104 539 τὴν
116 514 212 540 πραγματίαν
213 507 277 540 ἔχομεν.
295 510 378 536 Φιλόσοφα
379 506 419 525 γοῦν
424 507 450 540 τῷ
453 512 492 530 φιλο-

56 557 102 575 σόφῳ
107 555 132 573 τὰ
138 558 204 573 ὀνείρατα
221 561 250 575 καὶ
255 550 284 575 τῷ
289 546 348 571 ῥήτορι,
356 542 435 570 ῥητορικὰ
453 552 477 565 καὶ
481 543 500 567 τῷ

55 591 143 608 γεωμέτρη,
154 595 259 608 γεωμετρικά.
278 586 302 604 Οὐ
303 583 337 603 μία
344 577 370 600 οὖν
381 577 429 598 αἰτία
430 579 457 598 τῶν
463 579 504 601 ὀνει-

58 629 101 646 ράτων
117 628 154 648 ἀλλὰ
160 633 211 648 πολλαὶ
248 620 301 646 εἴρηται:-
218 623 245 650 ὡς

58 662 82 688 Περὶ
104 662 168 689 ὑγείας
188 654 202 681 καὶ
203 651 266 682 νόσου
267 653 307 681 καὶ
314 650 383 683 γήρως:-

17 681 53 745 Ὑ
102 699 145 719 αἴτιον
153 701 255 721 συνεκτικὸν
272 695 280 715 ἣ
288 697 316 716 τῶν
324 694 422 717 δυνάμεων
431 684 504 708 ἰσονομία
540 696 570 713 ρκε
54 706 94 726 γείας
