635 753
35 36 70 58 ὑπὸ
76 34 101 54 τοῦ
108 29 155 58 ὑγροῦ,
165 32 226 58 μάλιστα
235 25 295 54 φύεται
312 31 335 54 τῇ
342 28 365 53 δὲ
368 29 419 50 κριθῆ
422 25 449 52 δια
454 28 492 51 μα-

35 76 98 96 νότητα,
105 68 196 93 σύμφορόν
202 72 227 88 ἐστι
237 69 250 88 τὸ
251 62 335 93 ξηρότερον.
355 61 394 83 Ὅθεν
400 61 495 87 πυροφόρος

45 109 73 131 μὲν
81 112 88 129 ἡ
89 107 130 129 πίων
137 109 164 129 καὶ
169 101 250 131 βαθύγειος
260 99 317 131 ἄρουρα
335 99 442 125 κριθοφόρος
449 99 488 122 δὲ

42 143 53 178 ἡ
60 147 137 167 λεπτόγεως
159 133 203 163 διότι
210 133 241 161 τῶν
246 136 340 164 σπερμάτων
345 137 369 158 τὰ
373 132 436 163 ἰσχυρά,
442 133 491 168 πλείο-

41 183 66 202 νος
73 170 119 202 δεῖται
126 177 188 203 τροφῆς
201 175 230 195 τὰ
233 178 248 193 δὲ
255 173 319 196 ἀσθενῆ,
328 174 430 196 λεπτοτέρας
438 170 451 198 καὶ
459 171 482 195 ἐλα-

46 217 92 244 φρᾶς
114 211 229 236 ἀσθενέστερον
236 212 259 229 δὲ
264 212 276 229 ἡ
282 210 341 233 κριθή,
350 209 379 231 καὶ
383 206 479 234 μανότερον.

49 246 89 278 Ὅθεν
99 255 116 273 οὐ
121 253 170 276 φέρει
180 255 214 270 τὴν
216 247 292 272 πολλὴν
293 249 357 271 τροφὴν
368 246 397 269 καὶ
402 246 485 279 βαρεῖαν.

45 285 100 314 Ἑκάστω
106 285 132 313 γὰρ
139 283 233 313 βλαστήματι,
254 284 287 309 καὶ
296 282 355 312 ἑκάστῳ
364 285 456 311 φυομένῳ
457 281 488 307 χόρ-

41 325 68 348 τῳ
75 321 86 347 ἢ
92 322 178 350 σπέρματι,
189 324 282 350 κατάλληλον
283 321 321 346 χρὴ
327 320 352 341 τὴν
355 318 482 350 ὑποκειμένην

48 359 203 386 παρασκευάζεσθαι
210 358 240 387 γῆν
253 357 305 382 ὅπως
313 354 330 386 ᾧ
331 358 384 386 χαίρει
391 352 457 380 ἕκαστον
458 356 503 380 τοῦτω

45 404 171 426 τρεφόμενον
173 393 240 427 αὔξηται.
252 396 312 423 Χαίρει
316 388 335 415 δὲ
342 398 371 418 τὰ
372 394 402 416 μὲν
409 393 436 414 τοῖς
442 389 488 422 ὑγροῖς

43 439 73 458 τὰ
78 438 102 460 δὲ
105 440 132 459 τοῖς
138 436 188 464 ξηροῖς
202 437 229 460 καὶ
234 439 257 457 τὰ
264 432 295 458 μὲν
302 434 329 455 τοῖς
335 434 405 460 ψυχροῖς
406 429 438 454 τὰ
439 433 453 460 δὲ
461 429 489 464 τοῖς

28 474 117 498 θερμοῖς:-
138 466 173 497 Διατί
174 473 190 496 ἡ
195 470 246 497 ἄμπελος
248 468 281 495 οἴνω
288 470 361 498 ῥαινομένη
363 467 426 498 μάλιστα
427 468 440 496 τῷ
443 466 459 493 ἐξ
462 467 479 496 αὐτῆς
480 467 540 498 ἀναξη-

22 497 41 547 Ὅ
75 514 89 538 ὁ
90 508 169 535 ἄκρατος,
180 505 265 535 στυπτικὴν
274 504 316 531 ἔχων
324 505 386 531 φύσιν,
394 502 480 528 ἐνδύεται
496 500 543 520 ραίνεται:-
587 493 618 533 ριζ´.
45 515 69 535 τι

45 553 82 571 ταῖς
93 547 155 571 ῥίζαις,
166 548 192 571 καὶ
198 550 226 568 τοὺς
232 547 290 569 πόρους
298 547 388 571 συναγαγὼν
398 547 426 566 καὶ
434 539 502 563 πυκνώ-

44 585 86 606 σας,
97 587 127 610 οὐκ
163 583 226 611 διϊέναι
232 582 252 601 τὸ
258 575 299 604 ὕδωρ
319 579 361 608 ὥστε
362 581 381 601 τὸ
384 582 431 605 φυτὸν
438 577 507 606 εὐθαλεῖν
133 582 156 607 ἐᾶ

54 625 79 649 καὶ
84 620 166 649 βλαστάνειν.
185 624 226 645 Ῥᾶον
232 618 257 642 γὰρ
266 617 277 639 ἡ
284 617 368 642 ἄμπελος
376 618 442 642 δέχεται
448 619 465 637 τὸ
469 617 487 642 ἐξ

53 662 98 679 αὐτῆς
107 662 164 685 ἀπιόν,
168 660 197 679 εἰς
209 654 257 677 αὐτὴν
266 654 346 677 ἐπανιόν.
361 659 373 676 Εἰ
378 654 403 677 γὰρ
411 654 439 674 καὶ
440 654 494 671 ἀναί-

50 696 97 722 σθητον
126 700 178 721 φυτὸν
189 694 220 718 καὶ
229 690 260 715 οὔτε
268 691 318 719 ὁρμῆ
328 688 363 712 οὔτε
101 696 123 725 τὸ
362 688 458 716 φαντασίᾳ
468 695 497 711 διοι-
