597 755
36 32 116 62 βλάπτεται
124 39 146 56 ἐν
147 36 179 57 ταῖς
180 35 261 58 τοιαύταις
273 37 357 60 ἀποφοραῖς:-
387 27 415 58 Περὶ
419 31 499 60 πίστεως:-

37 82 107 99 ιστεύωμεν
122 84 139 99 εἰς
148 78 187 99 ἕνα
196 77 257 99 πατέρα
258 74 304 95 τὴν
313 74 372 92 πάντων
385 72 435 96 ἀρχὴν
445 69 475 92 καὶ
528 68 570 92 ρκθ´.
7 96 29 132 Π

35 118 79 139 αἰτίαν
99 118 127 135 οὐκ
128 108 150 133 ἔκ
151 107 183 132 τινος
188 107 289 133 γεννηθέντα
305 106 371 128 ἀναίτιον
378 109 398 127 δὲ
404 108 419 141 καὶ
425 105 473 141 ἀγέννη-

32 163 57 178 τον
66 157 103 179 μόνον
107 148 212 179 ὑπάρχοντα
237 148 274 174 πατέρα
282 149 323 171 φύσει
329 147 356 164 τοῦ
364 143 452 179 μονογενοῦς
459 143 483 171 υἱοῦ

34 191 75 212 αὐτοῦ
92 188 120 212 καὶ
129 184 225 212 προβολέα
228 184 259 203 τοῦ
268 183 305 212 ἁγίου
314 181 404 205 πνεύματος.
425 190 451 203 Καὶ
458 182 474 199 εἰς

36 225 68 252 ἕνα
78 223 104 252 υἱὸν
112 236 134 248 τὸν
145 224 228 246 μονογενῆ
238 220 261 243 τὸν
273 232 295 242 κύριον
299 222 342 242 ἡμῶν
345 220 375 244 ἰησοῦν
427 216 443 250 καὶ
448 223 465 240 εἰς
469 214 487 241 ἓν
383 222 410 238 χριστὸν

40 267 78 289 πνεῦμα
83 270 123 290 ἅγιον
151 265 165 281 οὐ
168 261 280 283 γεννώμενον
290 258 313 279 ἐκ
314 259 344 277 τοῦ
352 257 414 279 πατρὸς
435 260 459 284 ἀλλ᾽
462 257 486 278 ἐκ

29 304 59 322 τῆς
72 292 117 323 αὐτῆς
129 299 176 322 οὐσίας
189 294 330 322 ἐκπορευόμενον
343 294 372 320 καὶ
384 298 405 315 ἐν
407 295 435 313 τῷ
442 293 471 320 υἱῷ

37 336 162 362 ἀναπαυόμενον.
183 337 279 362 Παράκλητον
293 332 419 355 ὀνομαζόμενον
432 331 454 350 ὡς
455 331 481 351 τὰς

34 378 63 398 τῶν
71 379 109 396 ὅλων
120 375 230 399 παρακλήσεις
241 373 330 398 δεχόμενον
350 369 393 392 κατὰ
397 365 455 388 πάντα
461 365 485 383 ὅ-

39 418 78 437 μοιον
79 413 112 433 τῷ
117 409 169 437 πατρὶ
182 411 209 436 καὶ
213 411 238 430 τῷ
244 408 272 437 υἱῷ.
293 408 322 433 Καὶ
329 406 352 426 ἐκ
364 405 389 424 τοῦ
396 407 457 430 πατρὸς
463 412 494 424 μὲν

41 451 164 473 προερχόμενον
183 449 197 467 δι᾽
202 447 236 473 υἱοῦ
245 445 266 466 δὲ
273 446 412 470 μεταδιδόμενον
430 440 444 470 καὶ
451 441 491 464 μετα-

37 493 167 513 λαμβανόμενον
178 483 222 508 ὑπὸ
232 480 285 507 πάσης
293 482 359 503 κτίσεως.
377 482 436 503 Τούτων
443 482 462 499 δὲ
463 481 493 500 τῶν

42 526 96 551 τριῶν
97 521 207 546 ὑποστάσεων
216 531 264 548 πατρὸς
273 520 308 550 υἱοῦ
313 531 339 543 καὶ
352 518 392 546 ἁγίου
401 517 502 551 πνεύμα-

35 568 70 587 τος,
80 564 116 584 μία
124 562 190 587 θεότης,
197 560 238 584 μία
243 571 283 586 ἀρχὴ
303 556 342 580 μία
350 555 411 578 μορφὴ
433 554 464 576 μία
473 554 498 577 φύ-

42 611 66 621 σις,
67 601 111 621 μία
120 601 167 621 οὐσία
180 609 205 621 καὶ
217 596 314 617 δύναμις:-

28 637 73 660 Περὶ
75 632 125 660 ὀνομάτων
126 629 190 658 τινῶν
195 624 270 662 λεγομένων
271 631 292 653 ἐν
299 632 328 661 τῷ
329 627 404 660 χριστιανῶν
405 623 502 652 δόγματι:-

15 664 36 707 Ο
99 686 123 694 καὶ
136 672 187 699 φύσις
202 668 239 692 ἐπὶ
240 673 265 693 τῆ
276 671 317 701 ἁγίας
329 681 355 693 καὶ
365 665 455 690 ὁμοουσίου
456 667 501 702 τριά-
539 662 562 688 ρλ´.
44 678 80 691 ὐσία

43 710 74 732 δος,
78 710 96 730 τὸ
100 710 131 729 αὐτὸ
156 705 251 732 ἀμφότερα
257 704 288 729 γὰρ
299 705 351 728 κοινὰ
363 705 392 727 καὶ
399 704 486 727 καθολικὰ
