640 757
143 22 232 48 κούμενον.
244 25 284 51 ἀλλὰ
291 26 340 50 φύσει
350 26 390 52 πρὸς
395 27 422 48 τὸν
431 28 488 54 οἰκεῖον
489 31 545 53 χυμὸν
550 36 576 56 τρε-

141 62 218 84 πομένη,
219 63 260 88 παρ᾽
261 64 307 82 αὐτοῦ
310 64 366 89 μᾶλλον
373 61 460 85 ὑπομένει
467 66 498 86 τὴν
505 66 592 89 πύκνωσιν.

140 100 167 120 Εἰσὶ
173 95 210 119 μὲν
217 95 245 116 οὖν
253 99 273 116 ὡς
282 101 343 124 ἀληθῶς
349 104 374 119 τὰ
380 98 429 122 πλείω
434 101 464 122 τῶν
471 102 599 126 φυσιολογουμέ-

140 143 176 158 νων,
184 133 268 161 δύσφραστα
278 147 305 158 καὶ
310 136 392 160 δυσείκαστα
412 149 438 162 καὶ
444 139 462 161 δεῖ
467 141 481 169 τὸ
487 138 541 163 βάθος
547 147 586 169 ἀπο-

139 169 218 199 γινώσκειν
227 174 252 193 τῆς
264 173 365 199 διαγνώσεως
384 172 455 199 δέχεσθαι
463 178 479 195 δὲ
485 175 504 202 τὸ
505 175 596 197 διδόμενον

137 206 155 230 ἂν
162 207 190 234 ἔχει
196 210 212 229 τὸ
217 206 290 230 πιθανόν.
311 211 357 239 Τοῦτο
364 219 389 232 καὶ
390 212 409 233 ὁ
416 209 473 234 πλάτων
483 213 505 237 ἐν
507 211 575 234 τιμαίω

138 247 180 271 βοᾷ
201 247 223 267 ὡς
232 245 263 275 ἐγώ
264 245 278 266 τε
287 249 297 265 ὁ
300 247 350 273 λέγων
360 246 406 270 ὑμεῖς
409 252 431 277 τε
436 248 530 273 ἀκούοντες,
535 249 580 278 φύσιν

137 284 252 308 ἀνθρωπίνην
262 284 326 311 ἔχομεν:-
339 284 404 308 Διατί
408 286 433 308 τὰ
434 281 488 315 ῥόδα
489 288 533 318 μᾶλλον
534 289 582 315 ἀνθεῖ

110 321 220 347 δυσωδῶν
233 323 292 345 τινῶν
301 320 524 350 παραφυτευομένων:-

8 350 35 383 ριη´.
97 348 127 393 Ο
151 360 171 377 τὰ
180 353 223 381 ῤόδα
230 358 283 382 μόνον
292 359 330 386 ἀλλὰ
337 362 369 383 καὶ
373 364 393 382 τὰ
394 356 425 381 ἴα
437 360 464 386 καὶ
471 361 514 386 πάντα
515 360 552 387 ὅσα
556 368 584 393 ἔχει
131 359 149 379 ὐ

137 397 192 421 ἡδεῖαν
199 396 293 424 ἀποφορὰν
312 396 348 420 ὅταν
354 394 429 423 σκόροδα
439 398 455 426 καὶ
459 400 529 426 κρόμυα
530 404 586 426 τούτοις

136 434 273 462 παραφυτεύηται,
283 434 381 463 εὐωδέστερα
389 435 447 465 γίνεται
467 440 512 459 διότι
517 441 551 461 πᾶν
555 432 579 458 εἴτι

136 475 194 499 δριμὺ
204 471 220 500 καὶ
224 467 308 498 δύσοδμον
317 479 342 499 ἐν
346 478 400 498 τούτοις
407 471 421 501 ἦ
426 480 446 500 ἐν
451 477 475 499 τοῖς
482 477 583 500 δριμυτέροις

129 510 163 532 τῶν
170 510 271 536 σπερμάτων
279 512 370 538 φυσικῶς
377 508 455 536 ἀπορρεῖ
464 513 493 536 καὶ
500 512 555 539 γίνεται
559 512 579 532 τὸ

135 547 310 573 καταλιμπανόμενον
320 548 425 573 εὐωδέστατον
434 562 463 575 καὶ
474 549 578 577 ὀσφαντικώ-

130 586 182 608 τατον.
198 585 227 609 Καὶ
234 590 250 607 τὸ
254 587 330 615 πήγανον
335 588 359 614 δὲ
364 586 405 610 ὑπὸ
407 590 428 607 τῇ
435 589 479 612 συκῇ
480 585 590 613 φυτευόμενον,

136 619 233 650 δριμύτερον
244 624 299 650 ἑαυτοῦ
300 621 365 651 γίνεται
383 625 498 649 μετατίθεται
504 623 530 647 γὰρ
536 629 555 645 εἰς
561 623 575 642 τὸ

132 657 187 686 φυτὸν
190 662 209 681 τὸ
216 660 237 684 ἐν
240 664 262 686 τῇ
264 665 305 686 συκῇ
316 659 417 685 βαρύοσμον.
565 658 599 687 δὲ
433 662 460 688 Καὶ
461 664 498 684 ταῖς
503 661 557 684 συκαῖς

138 698 198 728 ἀγρίων
206 701 401 728 παραπεφυτευομένων
409 701 479 725 συκῶν,
489 695 547 728 βελτίω
551 696 578 721 τὰ
