602 754
33 43 74 65 στασιν
83 34 114 58 μία
123 31 143 56 γὰρ
153 33 214 59 ἀμφοῖν
224 36 231 52 ἡ
240 31 315 53 ὑπόστασις
327 33 362 59 ἀλλὰ
368 33 402 54 κατὰ
411 42 438 51 τὴν
444 32 470 52 oὐσει-

34 81 62 100 ώδη
75 76 151 97 διαφοράν:-
183 67 228 92 Περὶ
232 62 316 98 ἑνώσεως
323 74 353 89 καὶ
360 66 454 95 διαφορᾶς
460 65 484 100 ὑ

3 104 29 173 Ὑ
109 115 138 130 ἐστὶν
146 106 202 133 ἕνωσις,
209 109 218 127 ἡ
219 107 245 128 τὰς
254 108 331 131 διαφόρους
342 105 459 140 ποστατικῆς:-
531 96 579 131 ρλ´.
33 115 108 136 ποστατικὴ

30 152 81 177 οὐσίας
90 153 100 176 ἢ
108 146 161 176 φύσεις
170 144 192 175 εἰς
201 146 220 170 ἓν
227 143 309 169 πρόσωπον
318 143 347 171 καὶ
352 142 404 167 μίαν
402 143 432 165 τὴν
435 141 477 168 αὐτὴν

34 186 109 210 ὑπόστασιν
120 184 206 210 συνάγουσά
207 184 225 202 τε
234 190 261 203 καὶ
270 184 364 200 συνδέουσα
377 171 411 198 οἷον,
422 176 453 195 ἐπὶ
459 175 490 199 τῆς

34 221 114 244 οἰκονομίας
121 221 148 246 τοῦ
159 215 190 240 κυρίου
196 218 239 239 ἡμῶν
249 217 266 237 ἰησοῦ
271 217 291 238 χριστοῦ,
404 212 473 238 ἐγένετο
315 211 383 235 ὑποστατικὴ

32 258 89 283 ἔνωσις.
107 259 124 279 Αἱ
132 255 158 281 γὰς
168 251 198 276 δύο
203 250 249 281 φύσεις
262 248 315 278 αὗται,
321 255 350 280 εἰς
352 252 399 274 μίαν
407 250 421 279 καὶ
431 251 455 275 τὴν
462 253 491 274 αὐ-

32 287 57 321 τὴν
62 293 153 321 ὑπόστασιν
163 294 254 322 ἀσυγχύτως
263 290 353 313 ἡνώθησαν
370 288 471 322 ὑποστατικὴ

36 342 51 357 δὲ
60 338 82 358 ἐστὶ
90 332 177 360 διαφορά,
186 324 229 353 ὅταν
238 330 254 357 αἱ
261 328 302 352 ὑπὸ
308 327 335 349 τὴν
341 328 387 349 μίαν
396 326 449 348 οὐσίαν
456 326 494 349 ὑπο-

37 374 89 398 στάσεις,
98 370 179 398 διήρηνται
192 371 222 392 ἀπ᾽
223 370 299 396 ἀλλήλων
321 367 350 388 καὶ
358 367 377 392 εἰς
386 367 471 389 ἀριθμὸν

32 416 62 438 καὶ
70 416 84 433 εἰς
94 414 159 432 πλῆθος
169 404 205 435 ὦσι
214 409 242 429 τοῖς
246 402 394 430 χαρακτηριστικοῖς
395 400 483 428 ἰδιώμασι

39 461 64 474 καὶ
72 445 99 468 τοῖς
110 444 163 469 ἤθεσι
179 444 209 469 καὶ
213 446 243 465 τοῖς
250 443 362 464 θελήμασιν
383 443 419 463 οἷον,
425 442 450 461 σύ,
453 434 486 464 ἐγὼ

37 498 58 512 καὶ
69 489 123 514 πάντες
133 488 147 509 οἱ
155 484 201 507 κατὰ
208 481 255 511 μέρος
269 476 356 505 ἄνθρωποι
369 480 405 503 τοῖς
406 479 476 512 χαρακτη-

41 522 105 547 ριστικοῖς
115 522 204 545 ἰδιώμασι,
214 520 328 544 διαφέρομεν
344 515 412 542 ἀλλήλων
422 514 466 536 κατὰ
467 517 494 547 τὴν

36 558 120 583 ὑπόστασιν
135 561 155 578 ὡς
162 558 208 582 φέρε
215 558 266 583 εἰπεῖν
276 556 304 585 ἐγὼ
310 554 347 577 μὲν
352 557 399 575 εἰμὶ
396 549 475 575 μακρὸς

41 596 122 625 μελάγχρους
141 594 249 615 ὑπόψελος
256 590 281 613 σὺ
282 590 301 611 δὲ
308 589 388 625 μεσήλιξ
401 587 427 608 τὸν
432 597 486 612 προφο

43 639 83 658 ρικὸν
90 633 134 658 λόγον
143 631 177 660 ὑγιής.
200 630 275 652 Ὡσαύτως
286 641 314 654 καὶ
323 631 335 649 οἱ
338 627 393 649 λοιποὶ
401 628 442 650 κατὰ
446 623 486 659 μέρος

44 669 120 692 ἄνθρωποι
127 662 153 692 τοῖς
158 669 222 689 τοιούτοις
229 667 314 690 ἰδιώμασι
320 667 349 685 τὴν
356 662 459 686 ὑποστατικὴν
465 660 491 687 δια-

42 694 95 734 φορὰν
101 704 176 734 ἔχουσιν:-
185 709 216 732 Περὶ
222 703 295 734 σχετικῆς
307 703 381 725 ἑνώσεως
391 699 404 724 καὶ
413 691 490 726 διαφορᾶς:-
