552 759
20 43 46 72 οὖν
47 37 85 67 εἴπω
90 35 132 64 οὕτως
144 31 203 61 πιστεύω
208 37 228 62 εἰς
236 33 267 63 θεὸν
280 35 305 55 μὴ
308 33 330 50 δὲν
340 28 366 58 ἄλλο
374 35 440 54 προσθείς,
441 30 467 56 ὅ-

22 89 49 101 λην
57 76 125 98 ἐδήλωσα
132 70 159 93 τὴν
167 71 242 92 θεότητα.
263 70 306 91 Ὅταν
312 68 332 87 δὲ
337 65 372 88 εἴπω
381 70 391 92 ὁ
394 66 420 88 θεὸς
424 67 473 95 ἐγένε-

18 122 40 146 το
43 110 135 136 ἄνθρωπος,
144 112 160 129 οὐ
165 105 189 127 τὴν
191 104 266 128 θεότητα
275 104 356 126 ἐσήμανα
378 105 413 130 ἀλλὰ
421 103 463 123 μόνον

21 152 33 172 τὸ
43 155 63 172 τοῦ
72 145 96 180 υἱοῦ
104 149 152 170 ὄνομα
172 145 199 170 καὶ
208 141 251 172 πάλιν
264 149 276 165 εἰ
281 145 309 165 μὲν
317 139 357 165 εἴπω
365 143 373 161 ὁ
376 140 399 160 θεὸς
409 140 438 160 διὰ
443 141 471 173 τὸν

25 184 106 218 ἄνθρωπον
114 184 205 206 ἐσαρκώθη,
210 182 253 205 ὅλην
261 179 331 199 ἐδήλωσα
338 189 366 198 τὴν
373 175 481 201 ἀνθρωπότηταν

25 232 51 250 ἐὰν
57 211 72 245 δὲ
80 222 114 245 εἴπω
132 217 216 246 ἄνθρωπος
222 215 241 237 ἦν
250 219 267 241 ἐν
268 215 318 242 χώρα
327 217 347 239 τῇ
351 211 426 236 αὐσήτιδι,
432 211 459 237 μό-

25 269 46 285 νον
50 268 73 285 τὸν
84 257 109 284 ἰὼβ
117 255 185 281 ἐδήλωσα.
204 255 276 282 Πρόσεχε
278 256 304 278 τῷ
310 253 370 275 δόγματι
382 252 461 275 ἀκριβῶς.

26 299 47 334 Ἐπεὶ
52 297 76 321 οὖν
84 300 109 319 τοῦ
121 292 174 323 κυρίου
182 295 230 319 ἡμῶν
240 294 262 318 ἰησοῦ
263 292 292 321 χριστοῦ
298 294 320 312 δύο
323 288 359 314 μὲν
366 288 391 310 τὰς
397 290 444 316 φύσεις
452 289 470 312 ὁ-

30 337 121 363 μολογοῦμεν
131 335 208 355 θεότητα
221 334 247 357 καὶ
253 327 370 357 ἀνθρωπότητα
386 326 429 350 μίαν
435 327 453 359 δὲ
457 324 483 352 ὕ-

29 376 93 400 πόστασιν
104 374 180 395 σύνθετον
187 374 203 399 ἐξ
208 369 305 394 ἀμφοτέρων
323 366 363 387 ὅταν
366 361 399 389 μὲν
408 361 452 386 αὐτὰς
456 362 477 388 τὰς

32 403 75 435 φύσεις
85 411 213 434 ἀναθεωρῶμεν,
220 405 294 429 θεότητα
300 414 324 428 καὶ
334 403 444 428 ἀνθρωπότητα
450 404 473 421 λέ-

32 455 75 471 γομεν
92 449 130 471 ὅταν
134 450 150 468 δὲ
157 447 187 468 τὴν
197 447 215 467 ἐν
223 445 331 470 ἀμφοτέραις
337 438 370 464 ταῖς
377 437 431 465 φύσεσι
437 439 477 472 μίαν

28 490 147 512 ὑποκειμένην
154 481 243 508 ὑπόστασιν,
254 480 290 503 ποτὲ
300 474 331 506 μὲν
342 481 374 498 ἀπὸ
383 477 404 501 τοῦ
411 474 482 499 κρείττονος

33 523 69 545 αὐτὸν
76 519 171 545 ὀνομάζομεν
185 521 209 541 θεὸν
213 517 258 541 μόνον
267 516 337 540 λέγοντες
349 523 373 536 καὶ
383 516 405 542 υἱὸν
413 517 445 533 θεοῦ
456 511 492 537 ποτὲ

37 563 53 583 δὲ
59 560 88 583 ἀπὸ
93 547 116 581 τοῦ
123 557 247 583 προσλήμματος
264 552 355 581 ἄνθρωπον
361 554 409 575 μόνον
418 549 435 579 καὶ
440 547 470 577 υἱὸν

38 603 124 621 ἀνθρώπου
139 594 173 618 ποτὲ
183 598 199 615 δὲ
207 594 237 618 καὶ
242 593 270 615 ἀπὸ
274 591 299 619 τοῦ
301 590 428 620 συναμφοτέρου
430 594 457 611 χριστὸν
462 587 491 613 αὐ-

35 637 63 659 τὸν
71 636 148 660 καλοῦντες
162 643 188 659 καὶ
193 627 311 661 θεάνθρωπον
326 628 341 656 καὶ
346 623 375 649 θεὸν
380 627 487 647 σεσαρκωμέ-

41 684 61 695 νον
79 675 114 696 ποτὲ
125 675 141 691 δὲ
147 666 175 692 θεὸν
181 666 224 693 μόνον
232 679 258 693 καὶ
268 663 293 698 υἱὸν
302 664 398 698 ἀνθρώπου
412 668 443 688 καὶ
448 663 491 685 αὖθις

43 708 139 735 ἄνθρωπον
140 709 184 732 μόνον
199 718 226 730 καὶ
237 706 262 734 υἱὸν
269 703 355 731 ἀνθρώπου
372 700 390 729 καὶ
395 700 420 722 οὔτε
424 704 447 719 θεὸν
452 694 507 718 μόνον
