666 755
158 6 255 35 θερμότητος
262 11 348 42 ψυχρότητος
363 15 429 46 ὑγρότητος
433 15 503 46 ξηρότητος.
516 19 556 41 Ὅταν
564 19 598 48 οὖν

163 48 180 67 ἓν
185 48 235 67 τούτων
242 49 370 72 καταδυναστεύση
374 55 404 74 τῶν
408 52 459 79 ἄλλων,
470 56 480 82 ἡ
486 57 529 76 νόσος
537 55 592 79 γίνεται.

163 83 178 101 Αἱ
184 88 200 102 δὲ
207 86 263 107 πλεῖστοι
268 89 296 107 τῶν
301 88 350 112 νόσων,
359 90 381 110 δι᾽
382 90 469 119 ἀνομαλίαν
472 94 503 114 τῶν
510 94 529 115 ἐν
531 81 558 119 τῷ
563 90 621 115 σώματι,

163 122 223 146 στοιχείων
229 123 292 150 γίνονται.
311 124 405 156 Ἐπισάγονται
410 133 425 148 δὲ
434 128 449 147 αἱ
455 129 493 148 νόσοι
497 133 522 149 τῷ
524 133 587 157 σώματι,
591 142 611 159 καὶ

162 165 194 182 διὰ
198 166 262 185 πλῆθος
269 168 326 191 τροφῆς
345 165 373 191 καὶ
379 173 405 188 διὰ
414 168 485 190 ἀπεψίας
495 168 519 194 καὶ
526 172 609 194 φθορᾶς,

161 207 169 222 ἡ
175 203 196 222 δὲ
202 204 274 229 εὐταξία
283 216 306 229 καὶ
311 209 320 224 ἡ
324 207 413 231 αὐτάρκεια,
422 206 465 236 ὑγείας
473 208 577 236 περιποιητικά.
588 222 627 236 Μορ-

159 243 219 268 φοῦται
225 241 242 261 δὲ
247 243 271 262 τὰ
277 244 316 267 ζῶα
321 245 340 265 ἐν
346 244 385 270 γαστρὶ
393 241 429 266 ὄντα,
433 246 482 269 ἀπὸ
488 245 528 267 ἕκτης
537 245 565 271 καὶ
566 251 603 271 τρια-

161 281 208 305 κοστῆς
214 281 281 304 ἡμέρας
289 282 368 303 τελειοῦται
376 283 395 305 δὲ
397 285 425 304 τοῖς
432 284 492 305 μορίοις,
509 294 543 310 ἀπὸ
547 296 574 311 τῆς
579 296 616 311 πεν-

153 320 224 341 τηκοστῆς
233 320 292 346 ἡμέρας.
310 320 405 344 Ἱπποκράτης
414 325 430 343 δὲ
441 325 466 343 ἑνὶ
474 325 507 345 μὲν
508 326 552 346 μηνὶ
558 327 599 346 τῶν

160 358 236 380 ἀρρένων
245 359 272 376 διὰ
273 357 298 381 τό,
306 358 411 382 θερμότατον
418 357 453 380 εἶναι
459 365 496 382 τὴν
497 362 598 382 διάρθρωσιν

293 394 314 419 τῆς
549 398 573 425 τῶν
161 391 232 415 γίνεσθαι
250 393 290 414 ἀπὸ
319 390 365 417 ἕκτης
374 397 403 421 καὶ
404 399 469 420 εἰκοστῆς
486 402 516 421 ἐπεὶ
582 401 600 424 θη-
525 400 543 420 δὲ

159 432 219 454 λυκῶν,
227 432 250 452 ἐν
256 438 323 455 διμήνω
327 438 366 455 μὲν
374 438 496 462 διαρθροῦσθαι
512 439 532 460 ἐν
533 438 618 462 τετραμήνω

160 472 176 488 δὲ
179 472 273 493 τελειοῦσθαι:-
286 472 348 496 Διατὶ
357 471 371 503 οἱ
375 468 473 501 νηστεύοντες
474 473 529 496 διψῶσι
530 470 576 496 μᾶλλον,
581 478 594 496 ἢ
601 476 638 496 πεινῶσι:-

17 489 61 520 ρκ´.
165 505 241 527 ιψῶμεν
251 508 309 532 μᾶλλον
318 507 361 530 ὅταν
371 506 470 533 νηστεύωμεν
477 506 488 530 ἢ
489 503 571 534 πεινῶμεν
578 510 607 531 διότι
105 484 148 526 Δ

158 546 183 566 τὸ
189 546 209 565 ἐν
216 546 253 566 ἡμῖν
254 546 330 568 θερμὸν
338 546 396 568 πρῶτον
403 546 439 568 μὲν
450 547 570 571 καταβόσκεται
575 546 598 573 τὸ

163 584 182 605 ἐν
187 583 247 605 σώματι
259 586 320 609 τροφῆς
330 583 436 609 περισσεύεται.
451 586 493 608 Εἶτα
499 586 521 607 ἐπ᾽
528 589 570 607 αὐτὴν
576 587 602 607 βα-

165 616 198 641 δίζει
205 619 238 640 τὴν
248 618 335 641 σύμφυτον
340 617 410 641 λιβάδα
413 623 438 641 τῆς
446 619 510 640 σαρκός,
511 621 529 641 ἡ
530 620 552 641 ἐν
560 615 606 641 ἡμῖν

166 653 238 682 πῦρωσις
243 658 261 675 τὸ
272 657 334 680 νοτερὸν
343 656 427 680 διώκουσα
438 656 467 682 καὶ
471 657 494 685 τὸ
498 654 541 682 ὑγρόν.
559 653 613 688 Γενο-

164 698 223 723 μένης
230 693 257 721 οὖν
266 694 313 722 ὥσπερ
320 698 339 723 ἐν
346 699 394 723 πηλῶ
395 693 474 723 ξηρότητος,
480 698 534 725 ποτοῦ
539 697 593 728 μᾶλλον
595 697 614 720 τὸ
