646 751
145 41 157 69 ἢ
163 40 216 66 μᾶλλον
222 34 262 66 ὑγείας
274 31 328 60 ἕνεκα
336 34 366 58 τοὺς
376 34 410 64 ἅλας
417 38 482 58 διδόασι
488 36 515 56 τοῖς
522 35 599 59 βοσκήμα-

143 81 166 107 σι.
183 80 220 100 Νοσεῖ
221 76 251 100 γὰρ
256 73 280 95 τὰ
284 74 380 100 θρέμματα
387 75 496 98 πιαινόμενα
512 70 538 94 τὴν
543 76 558 92 δὲ
564 79 593 97 πι-

146 112 206 138 μελήν,
212 110 281 136 τήκουσιν
289 102 305 135 οἱ
311 105 346 137 ἅλες
358 120 385 133 καὶ
392 110 477 138 διαχέουσιν.
493 107 505 126 Ἡ
506 103 532 129 γὰρ
537 108 599 126 συνδέ-

145 151 181 175 ουσα
189 149 214 175 καὶ
221 151 297 172 κολλῶσα
302 149 325 168 τὸ
332 147 384 172 δέρμα
392 145 463 168 πιμελή,
470 149 519 167 λεπτὴ
529 145 543 173 καὶ
548 142 597 167 ἀστενῆς

145 188 201 217 γίνεται
209 185 246 208 ὑπὸ
252 180 349 210 δριμύτητος
359 181 387 205 καὶ
398 184 415 203 τὸ
420 180 464 204 αἷμα
470 187 487 202 δὲ
492 180 523 201 τῶν
527 183 541 202 τὸ
546 178 588 210 ἅλας

148 220 242 250 διαλειχόντων,
243 220 348 244 λεπτύνεται
367 221 392 244 καὶ
398 220 422 241 τὰ
428 219 529 245 βοσκήματα
535 221 552 238 δὲ
559 223 604 240 γονι-

144 260 214 287 μώτατα
223 262 250 285 καὶ
257 258 340 286 πρόθυμα
351 257 391 286 πρὸς
396 262 423 280 τὰς
430 257 516 279 συνουσίας
528 255 602 280 ἐντεῦθεν

147 297 240 325 καθίσταται.
260 298 292 321 Καὶ
296 297 312 317 αἱ
318 293 369 318 κύνες
377 297 404 316 δέ,
410 297 470 320 ταχέως
479 292 530 315 κύουσι
536 293 593 320 τάριχον

144 339 260 364 ἐπαισθίουσαι.
279 337 301 355 Τὸ
305 338 322 354 δὲ
325 330 364 357 ἅλας
372 334 417 357 θεῖον
428 337 436 353 ὁ
437 329 497 356 ποιητὴς
505 327 562 357 εἴρηκεν
574 331 593 352 ἐν

137 370 162 404 οἷς
169 373 218 398 λέγει,
223 369 281 394 πάσσε
286 374 298 391 δ᾽
299 372 330 398 ἁλὸς
339 370 388 402 θείοιο
404 371 447 391 διότι
451 369 495 392 θείαν
505 365 579 398 κέκτηται
582 364 609 386 δύ-

141 408 197 429 ναμιν,
206 410 233 429 τὰ
237 419 292 430 νεκρὰ
298 411 333 429 τῶν
340 406 418 430 σωμάτων
427 406 456 430 καὶ
464 402 544 427 εὔσηπτα,
551 404 589 430 ἄση-

140 446 179 472 πτα
189 443 302 472 ἐργαζόμενον:-
345 440 414 468 Διατί
425 446 455 467 τὴν
527 439 537 472 ὁ
458 441 519 475 χροιὰν
542 435 607 470 πολύπους

147 484 254 510 ἐξαλλάττει
263 482 292 507 αἷς
301 485 320 504 ἂν
328 477 402 508 πέτραις
417 479 562 505 προσομιλήσοι:-

520 524 554 541 τινὸς
440 511 455 547 ἢ
462 513 515 549 ψόφου
27 514 58 543 ρια´.
106 511 141 545 Δ
189 519 221 544 ἐστι
229 525 267 542 τοῦτο
272 522 292 540 τὸ
357 522 382 546 καὶ
562 516 604 547 αἴσθη-
390 516 437 547 ὅταν
299 521 345 542 ζῶον
144 524 181 539 ειλόν

144 566 174 587 ται
184 557 199 586 ἢ
199 564 304 586 θηραθῆναι
312 558 415 583 ὑποπτεύση,
420 559 511 583 τρέπεται
560 554 588 579 τῆς
520 555 555 580 ὑπὸ

148 599 211 620 δειλίας
224 610 253 623 καὶ
260 594 375 623 μεταβάλλεται.
395 596 479 618 ὁμοιοῦται
489 592 521 613 ταῖς
524 592 603 623 χροιαῖς

146 638 176 667 τῶν
185 638 250 664 πετρῶν
257 632 285 656 αἷς
295 637 377 654 ἐγκάθηται
398 634 436 653 διότι
447 632 483 653 ἀπὸ
487 630 544 654 πάντων
552 624 620 651 σωμά-

146 679 182 696 των,
227 678 277 701 χαλκοῦ
282 664 318 696 καὶ
325 670 397 694 σηδήρου
498 664 598 691 ἀπορρίαί
406 671 437 692 καὶ
448 664 493 694 λίθου
190 680 224 699 καὶ

146 709 194 740 τινες
202 705 292 736 φαίνονται.
313 706 416 731 Συμμέτρως
428 703 456 727 οὖν
464 703 476 722 οἱ
482 703 519 728 πόροι
529 701 556 721 τοῦ
564 698 598 726 σώ-
