618 753
142 26 177 45 ταῖς
186 24 248 52 μίξεσιν
263 27 271 49 ἡ
275 24 296 51 δὲ
303 19 364 48 ὑγρασία
376 20 420 49 αὕτη,
430 24 517 51 σπέρματος
520 25 556 49 μὲν
559 32 592 50 οὐκ

147 59 174 88 ἔχει
180 60 226 85 λόγον
243 55 272 80 οἷον
277 64 291 79 δὲ
302 56 328 79 ὕλη
334 60 386 87 γίνεται
393 62 416 81 τῇ
419 65 501 86 καταβολῇ
507 67 536 86 τῆς
542 65 600 88 ἀνδρώ-

48 97 107 121 ἄρρενος
172 99 205 118 γονῆς.
225 95 251 121 Καὶ
258 100 271 126 τὸ
275 93 307 119 μὲν
313 100 343 120 τοῦ
347 92 394 124 ἄρρενος
403 99 472 125 σπέρμα,
478 100 499 121 ἐκ
503 105 524 121 τὰ
530 99 589 125 στερεώ-
148 109 165 120 ας

145 135 187 156 τερα
192 143 235 159 μέρη
242 135 266 153 τοῦ
272 132 344 156 σώματος
352 135 422 164 ἐξαρκεῖ
433 132 462 155 οἷον
472 135 498 157 ὁστᾶ
503 148 528 163 καὶ
536 134 585 167 νεῦρα

146 179 172 192 καὶ
178 170 243 196 φλέβας
255 182 280 194 καὶ
285 172 355 196 ἀρτηρίας
366 183 393 196 καὶ
399 175 425 192 τὰ
426 172 487 192 τοιαῦτα
504 176 519 193 τὸ
526 181 541 194 δὲ
546 178 586 196 θήλε-

142 209 168 229 ος,
177 213 196 228 εἰς
203 209 217 227 τὰ
226 204 294 236 ὑγρότερα
302 207 346 231 μέρη
354 209 379 227 τοῦ
382 210 455 232 σώματος
474 208 518 235 αἷμα
524 208 572 236 φημὶ
576 210 589 239 καὶ

147 246 243 271 ἀμφοτέρας
256 249 283 270 τὰς
284 256 330 273 χολὰς
345 248 356 273 ἢ
360 248 418 273 μᾶλλον
426 245 478 269 πάντα
483 248 592 273 ἐξαμφοτέρων

146 282 183 310 ἀλλὰ
189 288 213 305 τὰ
220 283 251 306 μὲν
264 287 291 305 τοῦ
295 282 364 311 ἄρρενος
373 290 425 309 πλέον
432 284 466 311 ἔχει,
471 289 493 312 τὰ
500 288 519 308 δὲ
523 290 544 309 τοῦ
545 286 582 308 θή-

143 317 186 344 λεος
187 314 213 347 ἔλαττον:-
219 314 263 345 Πῶς
274 317 359 351 ἄρρενα
369 321 385 342 καὶ
389 318 477 347 θήλεα
475 322 549 351 γίνεται:-

25 362 50 384 ßβ´.
95 363 141 408 Ὥ
185 363 214 382 τῶν
221 357 276 387 ὄρχεων
284 364 293 381 ὁ
295 364 329 382 μὲν
339 366 363 385 ἐστὶ
367 360 413 389 δεξιὸς
433 364 439 381 ὁ
440 363 461 381 δὲ
467 353 538 389 ἀριστερὸς
551 360 564 389 καὶ
570 361 578 382 ὁ
146 362 178 385 σπερ

144 392 178 416 μὲν
182 396 240 423 δεξιός,
248 396 298 423 μᾶλλον
304 399 335 419 ἐστὶ
336 394 427 423 θερμότερος
443 403 452 418 ὁ
453 402 474 418 δὲ
483 401 558 423 ἀριστερός,
565 398 594 421 ἧττον,

145 428 180 453 οὕτω
187 444 212 457 καὶ
221 432 237 457 ἡ
238 431 291 455 μήτρα
305 436 340 459 δύο
339 429 411 457 κόλπους
418 436 448 462 ἔχει
454 432 520 462 ὑποδοχέας
521 433 554 457 τοῦ
559 437 590 462 ἀρρε-

143 473 187 495 νικοῦ
192 472 283 496 σπέρματος
296 479 325 494 τὸν
326 483 355 493 μὲν
362 477 418 497 δεξιόν,
427 470 455 493 τὸν
460 477 476 493 δὲ
482 471 552 497 ἀριστερόν.
563 474 589 493 Ἐπεὶ

134 509 170 529 οὖν
174 512 190 529 τὸ
199 503 250 533 ἄρρεν
258 507 365 534 θερμότερον
373 512 400 537 ἐστὶ
408 513 433 533 τοῦ
436 509 501 534 θήλεος,
507 514 521 531 τὸ
526 510 557 533 μὲν
564 510 585 532 ἐμ-

145 543 195 568 πεσὸν
203 547 270 572 σπέρμα
279 553 301 569 εἰς
305 546 330 569 τὸ
337 546 386 576 δεξιὸν
396 551 457 573 κόλπον
467 545 521 574 ἄρρεν
525 547 574 570 γίνεται

144 583 174 605 διὰ
179 587 200 605 τὴν
204 583 313 611 θερμότητα
326 587 347 609 τὸ
352 590 371 608 δὲ
379 590 398 610 εἰς
401 591 426 608 τὸν
437 591 514 614 ἀριστερόν,
524 588 573 610 θήλη

145 622 178 648 διὰ
182 628 205 643 τὴν
211 619 300 649 ψυχρότητα.
316 625 356 646 Ὅταν
360 626 381 645 δὲ
387 629 407 649 εἰς
408 628 427 645 τὸ
431 627 504 648 ἐμπεσὸν
517 619 589 652 σπέρμα

146 662 164 683 εἰς
164 656 181 686 τὸ
181 659 235 685 δεξιὸν
242 663 308 684 κόλπον,
316 660 438 688 ἀρενωπότερον
443 656 532 684 πλάττεται
549 661 579 682 καὶ

137 696 194 721 τρίχας
203 697 227 723 ἐν
231 699 255 722 τῷ
256 698 309 725 πόγωνι
316 696 357 728 φύει
371 699 417 721 ἡνίκα
422 702 437 726 δὲ
443 703 456 718 τὸ
461 698 498 719 μὲν
499 696 585 726 ἐμπεσὸν
