653 755
121 38 149 86 Τ
204 37 219 59 τὸ
226 39 290 62 ζήτημα
296 40 318 59 ἐν
323 39 449 61 προβλήμασιν
456 42 543 61 ἀριστοτέλης
549 43 610 66 ἐπιχει-
158 40 192 59 οῦτο

162 74 213 97 ρήσας
220 77 304 97 θεωρῆσαι,
310 78 353 97 οὐκ
357 76 441 100 ἐπελύσατο
460 76 487 99 ἔστι
495 76 517 100 γὰρ
525 80 545 99 ἐν
548 79 574 98 τοῖς
578 82 614 100 μά-

158 117 197 132 λιστα
209 112 327 135 δυσθεωρήτοις.
344 118 354 133 Εἰ
358 113 383 136 γὰρ
390 114 401 131 ὁ
403 113 434 135 ἀὴρ
441 113 524 141 παραψύχει
532 113 547 139 τὸ
553 111 596 141 ὕδωρ

158 143 219 175 ἔξωθεν
229 147 320 172 ἐμπίπτων,
330 147 361 168 οὕτω
366 147 385 168 δὲ
390 150 449 176 μᾶλλον
454 144 488 176 ἰσχύϊ
492 149 533 176 πρὸς
538 155 571 173 τοὺς
572 153 605 178 λί-

155 188 185 208 θους
193 195 220 208 καὶ
226 183 254 203 τὰς
261 184 365 208 μολιβδίδας
376 186 494 208 ἀπερειδόμενος.
511 186 567 208 Στύγουσι
573 185 599 208 γὰρ

156 216 199 241 αὐτὸν
204 222 223 239 τῇ
229 221 325 244 πυκνότητι
335 231 364 246 καὶ
371 223 466 242 ἀνακλῶσιν
475 227 493 244 εἰς
498 224 507 240 τὸ
508 222 557 248 ὕδωρ
568 222 600 245 ὥστε

158 258 219 278 διόλου
224 257 282 286 ἰσχυρὰν
283 256 364 287 γίνεσθαι
371 261 396 280 τὴν
404 259 498 287 παράψυξιν.
516 272 543 285 Καινὸν
547 263 604 281 οὐδέν,

158 294 186 316 ἐὰν
191 296 215 314 τὰ
221 298 259 321 τῶν
260 298 334 323 χαλκίδων
335 301 422 318 λιθίδια
431 307 457 319 καὶ
466 297 485 316 αἱ
489 297 593 319 μολιβδίδες

160 334 283 359 ἐμβαλλόμεναι
299 337 355 362 ψυχρὸν
364 336 423 356 ποιοῦσι
432 339 448 357 τὸ
454 332 495 360 ὕδωρ.
510 340 531 357 Διὸ
538 332 554 362 καὶ
555 335 609 360 χειμῶ-

158 379 179 390 νος
186 368 201 387 οἱ
205 371 279 396 ποταμοί,
283 370 379 398 ψυχρότεροι
384 370 445 398 γίνονται
451 374 481 394 τῆς
486 369 568 402 θαλάσσης
577 371 604 402 ἰσχύϊ

158 406 185 434 γὰρ
191 412 212 431 ἐν
217 409 266 430 αὐτοῖς
274 412 284 430 ὁ
287 412 354 436 ψυχρὸς
362 413 393 436 ἀὴρ
403 411 524 434 ἀνακλώμενος.
539 414 559 433 Ἐν
562 414 577 431 δὲ
582 413 597 431 τῇ

152 446 242 475 θαλάσσῃ,
249 449 265 468 διὰ
268 445 334 473 βάθος
335 445 416 469 ἐκλύεται
427 461 469 475 πρὸς
470 448 528 471 μηδὲν
529 447 601 470 ἐντερεί-

159 487 190 504 δων
210 480 252 511 ἄλλως
253 481 276 507 τέ,
285 496 307 507 καὶ
308 484 325 510 ὁ
326 482 408 511 μόλιβδος
413 486 445 508 τῶν
449 487 494 511 φύσει
498 486 563 511 ψυχρῶν
569 479 602 505 ἐστίν

157 518 171 539 οἵ
174 514 187 542 τε
188 520 270 547 χάληκες,
303 514 387 549 πυκνότητι
398 523 416 545 τὸ
420 524 476 547 ψυχρὸν
483 526 511 544 διὰ
512 522 604 547 βάθους
277 520 297 546 τῇ

154 562 232 586 ποιοῦσιν:-
269 560 303 583 Διά
309 554 346 586 τινα
351 555 389 583 αἰτίαν
397 554 461 583 ἀχύροις
468 559 481 582 καὶ
483 557 547 584 ἱματίοις
551 559 570 587 ἡ
571 551 627 589 χιὼν

20 599 62 639 ρκα´.
160 608 239 619 αυμαστὸν
242 593 296 619 δοκεῖ
301 603 311 620 εἰ
316 598 339 618 τὰ
344 597 441 620 θερμότατα
447 592 512 621 ἄχυρον
517 601 634 620 διαφυλάττεται:-
121 591 152 642 Θ

145 640 192 661 καὶ
201 636 266 658 ἱμάτιον,
280 636 369 658 συνεκτικὰ
375 636 409 657 τῶν
410 636 509 660 ψυχροτάτων
517 636 551 657 ἐστίν.
561 647 590 656 Οὐκ

160 673 186 699 ἔχει
187 673 211 692 δὲ
215 673 259 693 οὕτως
275 674 298 699 ἀλλ᾽
299 673 360 694 ἑαυτοὺς
361 673 516 698 παραλογιζόμεθα.
580 673 603 699 φύ-
526 675 548 701 Οὐ
553 671 574 700 γὰρ

154 715 178 731 σει
180 706 253 736 θερμὸν
257 713 276 734 τὸ
280 711 352 735 ἱμάτιον
361 722 396 737 καὶ
401 708 431 736 γὰρ
432 708 452 735 ὁ
449 712 497 730 χιτὼν
502 706 546 732 ἡμῖν,
551 712 599 737 ψυχρὸς
