589 754
40 41 82 61 ματος
89 39 120 58 τῶν
127 37 225 56 πολυπόδων
236 34 276 59 πρὸς
283 35 310 55 τὰ
315 36 358 61 παρὰ
362 37 392 55 τῶν
396 34 474 57 σωμάτων

40 75 143 99 πεμπόμενα
151 70 228 95 ῥεύματα
235 68 297 97 ἔχοντες,
302 72 328 94 τήν
329 76 345 97 τε
346 74 394 97 χρόαν
402 71 450 91 αὐτῶν
451 66 486 97 ἴσχου-

36 121 54 138 σι
63 113 91 141 καὶ
94 106 203 133 μεταβάλλουσι
213 107 255 133 πρὸς
262 110 304 128 αὐτήν.
323 107 362 130 Ὅταν
369 107 397 129 οὖν
401 103 437 130 δείση
438 111 482 136 περι-

36 151 129 172 τρεπόμενος
140 148 147 167 ὁ
148 145 232 168 πολύπους
243 144 277 169 οἷον,
286 144 345 172 ἔσφιξε
351 146 368 173 τὸ
374 150 422 171 σῶμα
429 152 454 170 καὶ
457 149 487 169 συ-

39 186 98 207 νέδησεν
110 180 149 204 ὥστε
157 183 283 208 προσδέχεσθαι
293 192 318 205 καὶ
326 184 370 207 στέγειν
373 181 463 204 ἐπιπολλῆς

40 224 64 248 καὶ
68 220 95 250 τὰς
103 222 132 249 τῶν
140 222 175 249 ἐγγὺς
184 221 276 248 ἀπορροίας.
298 217 331 239 Οὔτε
341 224 358 240 δὲ
366 222 374 240 ὁ
375 221 466 243 πολύπους,

39 261 66 280 οὔτε
74 260 86 282 ὁ
87 261 182 282 χαμαιλέων
190 254 232 281 πρὸς
236 256 254 276 τὸ
255 254 317 278 λευκὸν
323 257 407 282 ἀλλοιοῦται
408 260 468 282 χρῶμα

37 300 75 320 διότι
84 292 195 322 ἀσυμμέτρους
207 291 259 321 ἔχουσι
268 294 296 316 τοὺς
304 295 358 321 πόρους
370 306 413 319 πρὸς
419 295 447 316 τὴν
451 299 469 317 τοι-

39 333 79 356 αύτην
80 333 140 357 χροιάν
435 322 493 355 Διατί
153 327 196 357 πρὸς
203 331 223 352 δὲ
226 336 253 354 τὰ
261 332 309 357 ἄλλας,
317 327 414 357 ἐπιτηδείους:-

32 368 58 393 τῆς
63 360 122 395 ἄρκτου
128 371 139 389 ἡ
142 369 229 394 παλάμη
237 365 257 392 τῆς
262 362 323 399 χειρός,
335 369 401 397 φαγεῖν
406 361 490 393 γλυκυτάτη:-

2 394 35 437 Δ
76 407 111 432 πᾶν
118 408 136 426 τὸ
141 402 231 431 εὔπεπτον,
239 399 300 429 ἥδυστον
316 404 397 428 εὔπεπτον
404 412 421 427 δὲ
426 408 447 425 τὸ
448 410 479 431 θερ-
537 401 571 438 ριβ´.
30 410 69 425 ιότι

37 443 140 469 μαινόμενον
143 443 199 471 γίνεται.
212 442 329 468 Θερμαίνεται
335 447 360 468 δέ,
361 449 381 464 τὸ
386 443 451 473 μάλιστα
457 441 486 471 γυ-

36 480 138 506 μναζόμενον.
153 476 259 506 Γυμνάζεται
267 482 284 501 δὲ
295 479 325 502 τῆς
330 476 390 505 ἄρκτου
398 483 436 502 τοῦτο
443 479 472 507 μάλι-

33 517 59 544 στα
64 518 82 537 τὸ
84 518 125 548 μέρος
138 517 167 541 καὶ
176 518 199 542 γὰρ
208 518 229 540 ὡς
237 519 278 541 ποδὶ
286 517 324 541 αὐτῶ
325 518 390 545 χρῆται
398 514 491 546 βαδίζουσα

37 567 60 581 καὶ
68 557 87 581 ὡς
88 558 133 580 χειρὶ
139 555 301 581 ἀντιλαμβανομένη
306 559 333 576 τοῦ
341 555 469 581 προστυχόντος.

37 591 73 613 Ὅθεν
82 593 110 615 καὶ
114 592 146 613 τῶν
150 592 217 615 πτηνῶν
225 592 282 616 ζώων,
291 591 345 615 ἥδιστα
353 597 384 614 καὶ
390 592 484 621 εὔστροφά

38 630 64 650 ἐστι
72 629 101 650 τὰ
107 629 238 656 κινητικώτερα
244 629 300 656 μᾶλλον
326 631 374 650 ὁποῖα
382 626 420 651 ἐστὶν
421 630 476 650 αὐτοῖς

35 666 58 684 τὰ
65 665 146 692 πτερύγια.
162 666 220 687 Τούτοις
226 662 254 692 γὰρ
260 669 285 689 τὸν
292 668 341 692 ἀέρα
350 665 393 689 κινεῖ
394 667 426 689 καὶ
427 670 490 691 δια-

42 703 79 730 περᾶ
90 706 112 723 τὰ
118 707 128 723 δ᾽
129 703 161 731 ἄλλα
170 705 201 732 μέρη,
219 706 242 732 οὐχ
244 703 304 733 ὅμοια
307 704 361 726 τούτοις
368 700 415 728 πρὸς
417 702 477 729 εὔτρο-
