606 756
41 38 67 65 καὶ
74 31 120 56 αὐτῆς
130 34 156 56 τῆς
166 29 297 65 ὠκεανίτιδος,
305 30 332 56 ὅση
339 31 397 62 πλεῖστας
398 34 435 59 μὴ
439 29 487 57 ἀδύ-

43 85 88 95 νατος:-
177 72 236 98 Περὶ
238 70 313 97 χυμῶν:-

14 90 33 143 Ὀ
79 106 97 127 τῷ
98 105 142 136 γένει
149 103 188 125 ὄντων
197 105 228 131 τῶν
229 99 290 134 χυμῶν
304 104 342 128 ἕνα
351 105 398 130 μόνον
405 110 425 128 τὸν
426 107 474 135 ἁλμυ-
538 100 574 135 ρθ´.
37 117 72 136 κτὼ

31 155 62 173 ρὸν
72 150 93 167 ἐπ᾽
94 147 153 164 οὐδενὸς
160 146 216 168 καρποῦ
217 146 293 168 ὁρῶμεν
300 146 381 168 γινόμενον.
393 146 419 165 Τὸν
423 146 454 167 μὲν
458 146 480 168 γὰρ

32 182 97 207 πικρὸν
99 180 153 208 χυμόν,
157 181 177 206 ἡ
183 178 230 207 ἑλαία
237 180 282 205 φέρει
297 178 322 201 καὶ
327 180 352 199 τὸν
358 183 430 207 στρυφνόν,
437 181 459 200 αἱ
461 185 490 206 φοι-

43 219 139 245 νικοκάλαμοι
157 215 185 242 καὶ
192 216 219 238 τὸν
228 219 298 244 αὐστηρόν,
307 221 325 240 αἱ
332 223 372 246 ῥοιαὶ
389 216 415 243 καὶ
420 217 442 239 τὸν
448 214 484 246 γλυ-

37 256 77 278 κήν,
81 257 95 275 τὸ
101 254 147 279 μέλι
163 254 191 277 καὶ
197 252 222 273 τὸν
228 255 270 283 ὀξύν,
277 255 310 281 τῶν
311 258 371 280 μύλων
377 252 424 277 ἔνια
440 254 469 278 καὶ
470 252 491 274 τὸν

42 288 108 319 δρυμήν,
116 287 169 315 πολλὰ
173 290 204 310 τῶν
212 286 309 315 σπερμάτων
318 289 347 315 καὶ
351 292 381 311 τῶν
385 290 432 315 ῥιζῶν.
442 293 452 316 Ὁ
457 293 486 313 δὲ

42 331 112 360 ἁλμυρὸς
113 326 168 358 χυμός,
170 330 207 354 ἀπ᾽
208 331 274 351 οὐδενὸς
282 325 340 351 γίνεται
356 327 398 349 διότι
405 332 415 348 ἡ
419 323 490 357 θάλασσα

41 370 128 391 διηθημένη
136 371 168 386 διὰ
175 369 228 393 φυτοῦ
240 365 264 386 τὸ
270 366 343 393 ἁλμυρὸν
352 364 433 394 ἀποβάλει.
446 363 491 388 Γεῶ-

41 407 61 426 δες
68 405 90 429 γὰρ
97 402 127 428 καὶ
131 403 221 430 παχυμερές
222 403 249 425 ἐστι
266 404 298 426 καὶ
310 406 329 425 ἐν
336 401 394 428 ἑκάστω
405 404 434 423 τῶν
439 404 491 430 φυτῶν

44 442 60 465 τὸ
67 440 138 470 ἁλμυρὸν
144 440 184 464 ὕδωρ
192 440 307 468 ἀλλοιούμενον
319 452 351 465 καὶ
352 440 445 470 θαλάττιον,
449 437 481 461 τὴν

42 478 73 501 μὲν
80 474 181 506 ἁλμυρότητα
185 476 251 500 τίθεται
271 478 337 504 ἑτέραν
342 479 365 499 δὲ
371 474 489 505 μεταλαμβάνει

41 516 110 539 ποιότητα.
128 513 158 539 Ἅτε
164 514 191 542 γὰρ
199 511 289 544 παχύτατον
299 516 316 541 ὃν
320 513 340 537 τὸ
346 512 416 544 ἁλμυρόν,
419 513 454 543 οὐ
458 514 486 543 δύ-

43 556 83 574 ναται
94 554 127 576 ἀπὸ
131 554 161 574 τῶν
167 555 215 578 ῥιζῶν
216 556 245 575 εἰς
249 553 276 574 τοὺς
285 556 351 578 κλάδους
360 551 492 578 μετεωρίζεσθαι

41 594 52 616 εἰ
54 588 82 608 μὴ
86 587 120 609 σὺν
125 592 146 613 τῇ
152 586 253 616 ἁλμυρότητι
260 590 337 616 ἀποβάλλει
338 587 357 616 καὶ
359 588 385 618 τὴν
389 586 501 614 βαρύτητα:-

17 625 87 647 Διατί
98 631 231 649 παραβάλλουσι
237 624 260 650 ταῖς
270 621 390 649 θρέμμασιν
392 628 429 649 ἅλας
431 625 453 648 οἱ
456 619 512 655 νομάδες:-

11 653 34 688 Ἢ
43 658 89 681 διότι
99 658 122 692 τὴν
130 658 180 690 ὄρεξιν
185 662 206 692 ἡ
205 662 288 688 δριμύτης
297 660 392 690 ἐκκαλεῖται,
400 659 419 689 καὶ
425 666 455 686 τοὺς
462 665 490 687 πό-
556 656 591 688 ρι´.

39 705 71 723 ρους
80 702 184 723 ἀναστομοῦσα
194 703 254 723 ὁδοποιεῖ
261 700 288 727 τῇ
289 703 347 728 τροφῇ
355 701 407 728 πρὸς
408 699 494 731 ἀνάδοσιν
