593 752
38 53 67 71 τῆς
71 48 119 72 μητρὸς
128 46 146 67 δὲ
152 47 226 66 ὡσαύτως.
247 45 285 65 Ὅταν
290 40 318 63 οὖν
326 40 380 65 ἄμφω
386 45 406 61 τὰ
408 39 487 64 σπέρματα

50 90 131 111 συγκραθῆ,
141 93 153 109 εἰ
156 91 184 107 μὲν
191 84 251 108 ἐπίσης,
261 83 286 108 ἔχει
293 84 308 102 τὸ
311 81 394 106 γεννώμενον,
402 75 435 98 ἴσην
440 87 485 111 πρὸς

48 129 62 146 τὸ
68 126 108 146 ἄρρεν
119 128 149 149 καὶ
158 132 195 148 πρὸς
201 125 219 149 τὸ
225 117 279 147 θῆλυ
281 120 312 140 τὴν
319 116 402 149 ὁμοιότητα.
418 114 458 135 Ὅταν
462 112 491 138 δὲ

45 167 59 182 τὸ
61 160 113 182 ἄρρεν
124 159 233 182 κατακρατήσει
239 156 264 181 τοῦ
267 156 327 173 θήλεος,
342 149 434 181 πατρόμοια
439 152 459 171 τὰ
465 145 504 171 τικ-

46 199 110 217 τόμενα
123 190 220 220 ἀποτελεῖται
237 188 277 210 ὅταν
282 192 300 207 δὲ
305 187 324 214 τὸ
328 188 375 211 θῆλυ
380 185 403 212 τοῦ
408 184 484 218 ἄρρενος,

50 232 161 253 ἀπεικασμένα
170 238 213 252 πρὸς
219 228 244 245 τὴν
247 221 288 252 μητέρα.
304 221 341 242 Ὅταν
344 223 362 249 δὲ
368 224 379 249 ἡ
384 224 402 242 ἐν
405 222 425 246 τῷ
429 220 489 254 σπέρμα-

48 277 58 289 τι
69 272 167 295 θερμασία
174 265 267 289 ἐξατμιθῆ,
268 258 329 281 οὐδενὶ
335 258 368 279 τῶν
374 256 446 278 τοκέων
447 256 476 277 τὸ
477 265 508 278 πλα-

48 306 118 327 ττόμενον
131 291 219 325 ὁμοιοῦται.
239 297 319 322 Πολλάκις
325 299 340 316 δὲ
350 297 376 318 καὶ
381 295 405 314 τῆς
414 291 501 318 γυναικὸς

51 338 148 368 φαντασίαν
159 340 178 368 ἐν
179 339 204 368 τῷ
211 335 260 362 τίκτειν
266 333 347 359 λαβούσης
354 334 379 352 τοῦ
385 334 404 362 δε
407 330 416 359 ἢ
419 322 464 360 τῆσδε,
469 326 521 353 πρὸς

51 370 71 399 τὸ
75 379 160 399 φαντασθὲν
168 372 275 397 ἀπεικάζηται
283 374 298 394 τὸ
303 372 392 393 γεννώμενον:-
440 370 455 401 Εἰ
456 368 478 398 τὸ
484 365 505 400 ἔ-

58 412 130 437 μβρυον
140 406 194 435 ζῶον,
203 409 221 437 καὶ
223 408 262 431 πῶς
274 404 378 436 τρέφεται
379 407 456 429 τοῦτο:-

57 460 94 473 ρισὶν
103 452 175 474 ἐνέτυχον
181 450 227 473 μόνον
237 446 299 472 βίβλοις
310 446 335 471 περὶ
342 440 392 462 τούτου
396 443 422 469 τοῦ
430 440 497 464 ζητήμα-
547 431 582 465 ß´.
16 454 49 496 T

56 489 76 520 τος
88 487 179 518 ἱπποκράτης
186 487 217 508 καὶ
240 484 298 509 γαληνός,
309 485 350 506 ζῶον
353 480 397 509 αὐτὸ
402 477 454 506 φασὶν
455 477 474 500 ἐν
476 476 499 507 τῇ
223 483 235 505 ὁ

53 526 101 551 γαστρὶ
107 524 141 552 εἶναι
150 523 175 544 καὶ
183 523 253 543 κινεῖσθαι
261 517 296 548 ὑπὸ
302 518 344 543 ψυχῆς
356 514 376 544 τὸ
380 517 412 536 μὲν
416 516 460 541 ἄλογον
464 515 497 539 τῆς

56 564 108 590 ἀλόγου
121 563 140 591 τὸ
145 561 165 586 δὲ
168 555 234 581 λογικόν,
240 559 267 579 τῆς
272 550 332 576 λογικῆς
346 547 428 578 τρέφεσθέ
429 547 451 571 τε
457 550 473 571 ἐν
474 551 493 574 τῇ

56 603 113 622 μήτρᾳ
123 597 154 617 διὰ
157 598 182 615 τοῦ
189 589 255 618 στόματος
271 592 307 616 εἶναι
314 588 338 614 γὰρ
346 589 364 609 ἐν
365 585 411 608 ταύτη
419 584 475 609 θηλὰς
480 587 506 607 τι-

59 636 84 657 νὰς
95 631 104 657 καὶ
116 635 178 661 στόματα
179 635 191 652 δι᾽
198 634 222 656 ὧν
223 626 307 657 τρέφονται,
310 629 333 652 ὁ
335 631 350 647 δέ
351 627 368 654 γε
376 625 478 658 πορφύριος,
483 621 518 645 πο-

59 675 95 692 λλοῖς
99 679 196 694 συλλογισμοῖς
206 679 234 691 καὶ
244 665 332 695 ἀποδείξεσι
343 660 418 688 διατείνεται,
430 661 457 683 μὴ
463 657 499 692 εἶναι

56 703 82 727 τὸ
82 706 151 731 ἔμβρυον
159 704 194 727 ζῶον
207 703 234 725 μὴ
239 702 259 721 δὲ
264 700 376 732 ἐμψυχωμένον
397 698 431 728 ἀλλὰ
438 697 501 726 δίκην
