618 761
47 47 115 65 ξηροῦ
112 36 232 64 ὑγραινόμενα.
257 35 351 60 Συμβαίνει
352 43 377 57 δὲ
386 33 399 54 καὶ
402 47 430 56 τὴν
435 28 498 65 θάλασσαν

41 78 147 109 ἠπειροῦσθαι
160 80 188 99 καὶ
190 79 218 98 τὴν
226 77 290 100 ἤπειρον
297 71 417 101 θαλαττοῦσθαι.
428 73 452 92 Καὶ
459 70 470 98 ἐν
475 69 505 96 μὲν

48 122 71 145 τῷ
76 116 157 142 μεγάλῳ
166 113 232 135 χειμῶνι
242 116 251 139 ἡ
259 113 322 136 ἤπειρος
332 107 446 131 θαλαττοῦται
462 111 506 133 αἴτι-

45 161 57 184 οι
66 164 78 176 δὲ
87 151 110 175 εἰσὶ
121 159 148 175 καὶ
152 148 163 176 οἱ
171 149 240 173 ποταμοί,
257 151 278 170 τοῦ
287 149 313 171 τὴν
320 148 406 174 θάλατταν
413 145 501 166 ἠπειροῦσθαι.

42 191 155 221 Ἐμβάλλοντες
170 193 185 216 γὰρ
195 188 210 209 εἰς
219 185 272 210 αὐτήν,
278 187 304 210 τῷ
310 182 406 211 ἐπιφέρειν
414 179 441 211 τὴν
446 180 491 207 ἰλήν,

52 227 105 256 ἡιόνας
115 227 174 246 ποιοῦσι
195 222 219 245 καὶ
226 220 276 245 οὕτως
286 217 386 246 ἀπογεοῦται
391 220 399 238 ὁ
406 217 475 239 ποταμὸς
479 219 497 234 ἐ-

46 267 91 293 κεῖνος.
105 262 137 289 Μὴ
139 255 250 286 εἰσβάλλοντες
251 260 275 285 δέ,
285 263 341 281 ποιοῦσι
349 255 379 280 τὴν
383 260 416 285 γῆν
418 256 496 286 θαλαττοῦ-

46 301 77 324 σθαι
94 300 111 322 ἀλλ᾽
118 297 191 322 ἐνταῦθα
192 291 309 320 ἠπειρουμένη
314 297 330 323 ἡ
332 294 415 322 θάλασσα,
416 291 491 319 ὠθεῖται

49 340 64 361 εἰς
68 339 94 359 τὴν
102 333 195 357 ἀντιπέρας
205 338 271 359 ἤπειρον
281 335 306 354 καὶ
313 332 393 354 θαλαττοῖ
402 330 462 350 ταύτην,
477 329 494 354 εἰ

39 376 89 400 δεμὴ
96 376 179 398 παλινοστεῖ
182 366 197 394 τὸ
203 365 248 395 ὕδωρ
252 370 308 396 αὖθις
317 370 347 393 ἐπὶ
355 365 380 396 τὸν
388 360 443 391 οἰκεῖον
448 365 534 385 τόπον

51 425 71 435 καὶ
76 415 180 443 θαλαττοῦται
187 421 233 438 πάλιν
240 415 255 431 τὸ
262 415 363 429 ἠπειρούμενον:-
391 399 413 428 Περὶ
443 394 475 434 μεγάλου
480 404 535 424 χειμῶνος:-
423 397 440 433 τοῦ

14 452 44 501 Μ
96 453 120 473 ἐστὶ
125 450 192 474 χειμών,
203 446 257 469 ἡνίκα
266 446 325 468 πάντες
332 446 344 465 οἱ
350 445 439 466 πλάνητες
440 446 459 471 ἐν
460 449 503 468 χειμε-
564 446 593 471 ρδ´.
46 457 88 476 έγας

51 493 86 512 ρινῷ
95 486 146 511 ζωδίῳ
155 485 204 511 γένωνται
224 485 237 506 ἐν
242 480 323 509 ὑδροχόῳ
346 483 360 510 ἐν
365 479 424 510 ἰχθύσι
439 482 493 507 μέγα
496 481 510 505 δὲ
326 484 342 504 ἢ

235 527 252 546 ἐν
50 527 101 548 θέρος,
111 523 155 544 ὅταν
163 518 232 546 πάντες
257 513 328 544 θερινῷ
332 519 393 540 ζωδίῳ
402 513 455 546 γένωνται
475 514 500 537 ἐν

51 564 110 585 λέοντι
122 566 131 587 ἢ
138 561 154 587 ἐν
160 556 234 585 καρκίνῳ.
252 555 278 580 Καὶ
279 552 304 585 γὰρ
309 558 317 580 ἡ
325 554 382 583 ἥλιος,
392 554 444 577 μόνος
453 553 471 574 ἐν
472 552 497 576 λέ-

48 601 90 619 οντι
97 598 130 619 μὲν
136 603 233 623 γινόμενος,
243 599 279 618 ποιεῖ
284 602 333 619 θέρος
349 592 375 620 ἐν
377 590 447 619 αἰγοκέρω
455 595 471 612 τι
476 594 497 620 χει-

53 630 98 656 μῶνα.
110 632 157 656 Ἔνθεν
166 637 189 655 καὶ
196 634 276 656 ἐνιαυτὸς
286 631 373 655 ὠνόμασται
388 633 419 651 διὰ
421 631 445 652 τὸ
451 629 465 649 ἓν
472 641 493 651 καὶ

52 672 68 690 τὸ
76 681 114 691 αὐτὸ
126 672 184 694 φέρειν
191 665 217 691 τὸν
225 667 278 692 ἥλιον
292 668 325 689 ἀπὸ
331 666 358 694 γὰρ
366 668 395 692 τοῦ
400 668 451 691 αὐτοῦ
462 667 479 690 εἰς
485 666 497 689 τὸ

59 707 93 728 αὐτὸ
98 711 231 732 ἀποκαθίσταται
239 705 247 730 ὁ
252 708 312 733 φωστήρ.
329 706 392 733 Πάντες
398 701 430 733 μὲν
439 701 455 729 οὖν
462 702 501 726 κατὰ
