599 753
42 41 83 65 σῶμα
89 31 144 56 δεῖσθαι
147 35 226 57 πέφυκεν
241 27 285 59 ἄχρις
294 24 319 56 οὖν
331 25 394 50 πιόντων
401 29 497 50 ἀναρρωσθὲν

40 81 73 105 καὶ
78 74 134 98 ἰσχύσαν
135 71 159 91 τὸ
160 69 225 96 θεμὸν
240 65 331 93 ἐμβριθοῦς
336 67 403 91 τροφῆς
410 62 473 91 ὄρεξιν

48 113 116 135 ἐργάσηται.
134 112 154 133 Τὸ
159 105 187 133 γὰρ
196 109 217 129 ἐν
224 102 270 130 ἡμῖν,
278 104 341 133 μάλιστα
347 102 393 127 δεῖται
396 104 457 128 τροφῆς
461 104 479 125 τὸ

41 151 103 170 θερμὸν
122 143 173 172 ὥσπερ
179 145 243 167 ἀμέλει
248 144 341 164 βλέπωμεν
345 139 375 167 ἔξω
392 139 426 159 μήτε
427 141 479 161 ἀέρα

43 186 73 212 μήτε
83 187 122 207 ὕδωρ
134 181 173 202 μήτε
178 181 199 201 γῆν
206 182 299 202 ἐφιέμενα,
306 177 398 202 τρέφαισθαι
418 175 455 198 μήτε
460 176 489 194 ἀνα-

44 222 116 248 λίσκοντα
121 221 142 240 τὸ
145 217 238 241 πλησιάζον
257 217 296 243 ἀλλὰ
297 215 350 236 μόνον
352 217 364 235 τὸ
375 211 402 242 πῦρ.
418 211 447 234 Διὰ
448 209 496 232 ταῦτα

48 275 69 287 καὶ
80 265 91 281 οἰ
100 259 173 285 γέροντες,
183 260 229 279 ῥᾶστα
237 257 294 277 νηστείαν
302 255 383 279 φέρουσι,
390 254 447 274 ἀμβλὺ
455 249 482 273 γὰρ

47 299 65 327 ἐν
74 297 121 316 αὐτοῖς
130 297 158 318 καὶ
163 304 226 318 μικρὸν
234 291 261 312 ἤδη
266 291 285 312 τὸ
286 286 352 315 θερμὸν
359 292 384 312 ἐστί.
399 288 427 311 Καὶ
431 287 455 307 τὰ
459 283 484 306 ἄνε-

43 344 71 362 μα
76 339 91 354 δὲ
98 336 128 354 τῶν
138 334 188 357 ζώων,
193 334 253 358 τροφῆς
259 328 312 351 ἥκιστα
322 330 417 354 προσδεῖται
427 331 445 358 δι᾽
446 326 485 346 ἔνδι-

40 379 65 394 αν
70 366 184 393 θερμότητος:-
241 370 299 391 Διατί
308 364 324 385 οἱ
332 361 438 393 πεινόντες
439 362 500 393 ἐὰν

46 411 90 426 πίωσι
100 402 168 428 παύονται,
176 401 264 428 διψῶντες
270 401 283 427 δὲ
289 401 324 423 ἐὰν
330 401 413 428 φάγωσιν
414 401 505 419 ἐπιτείνονται:-

13 416 41 481 Ἡ
49 441 91 466 δίψα
99 447 125 466 τοῖς
137 447 213 467 φαγοῦσι
221 442 309 463 ἐπιτίνεται
327 441 370 459 διότι
377 440 402 458 τὰ
406 437 488 460 εἰσερχόμε-
537 421 576 456 ρκζ´.

50 495 69 506 να
78 484 115 503 σιτία,
120 485 148 506 τῇ
152 481 223 506 ξηρότητι
235 479 368 503 διεσπαρμένον
376 485 414 504 ὑγρὸν
423 477 448 497 καὶ
453 477 487 490 ἀπο-

46 520 113 540 λείμενον
124 514 191 539 ἀσθενὲς
198 516 227 539 καὶ
229 516 281 540 ὀλίγον
290 518 311 537 ἐν
313 514 337 539 τῷ
343 513 413 536 σώματι,
420 512 504 535 συλλέγουσι

50 570 75 583 καὶ
84 561 229 582 προεξηκμάζουσι
249 554 291 571 διότι
300 554 312 572 ἡ
315 550 368 581 ὑγρότης
373 550 401 584 τὰ
405 544 480 584 ὑπόντα

50 596 90 615 σιτία
99 590 174 619 βρέξασα
186 602 212 614 καὶ
219 590 299 616 διαχέουσα
313 587 382 614 χυμῶν
391 586 492 608 ἐγγινομένων

52 644 74 652 καὶ
80 633 138 652 ἀτμῶν,
152 630 241 652 ἀναφέρει
245 630 295 651 τούτοις
301 632 319 649 εἰς
320 630 333 647 τὸ
340 628 388 649 σῶμα
405 635 430 647 καὶ
437 621 496 645 προστί-

50 654 89 689 θησι
100 671 125 689 τοῖς
137 669 217 686 θεομένοις.
239 665 334 687 Ἐνδυομένη
335 661 367 684 γὰρ
375 656 436 686 ἔξωθεν
443 660 452 677 ἡ
457 655 498 684 ὑγρό-

47 709 73 725 της,
80 705 194 728 εὐχυμότερα
204 706 243 728 ποιεῖ
252 705 281 729 καὶ
286 700 411 726 τροφιμώτερα
415 698 440 720 τῷ
441 696 512 721 χαλᾶσθαι
