636 760
141 39 241 60 τηκομένης
251 38 275 60 ὥς
276 34 316 59 τινες
323 39 355 58 τῶν
361 44 434 67 φυσικῶν
440 46 538 68 φιλοσόφων
544 44 590 64 ὠήθη-

149 87 177 95 σαν.
199 78 243 95 Ὅθεν
253 77 284 95 οὐδ᾽
285 74 320 105 ἄλλη
321 77 341 97 τὶς
345 78 391 96 αἰτία
401 81 427 100 ἐστὶ
433 83 529 106 ἀλήθεστέρα
533 85 563 104 τῆς
571 85 597 104 τοῦ

151 115 230 137 ποταμοῦ
241 111 342 136 ἀναβάσεως,
347 114 380 140 καὶ
389 116 417 135 τοῦ
420 115 439 125 μὴ
451 115 495 142 αὔρας
504 118 522 142 ἐξ
523 117 582 136 αὐτοῦ

149 147 256 171 ἀναδίδοσθαι:-
287 149 326 174 Περὶ
327 149 355 175 τῆς
366 149 381 173 ἐν
390 145 448 177 εὐβοία
451 154 578 175 παλιρροίας:-

24 167 59 203 ρβ´.
111 191 139 230 Τ
168 193 238 217 πέλαγος
241 189 259 215 τὸ
263 186 311 215 ἰόνιον
317 187 413 212 εὐριχωρίας
425 189 445 207 ἐν
446 190 469 212 τῇ
473 179 537 213 εὐβοία
545 190 590 218 στενο-
143 194 163 213 ὸ

136 227 248 248 χορούμενον
258 227 335 250 καθάπερ
341 227 372 251 διὰ
383 222 437 247 στομίου
438 228 482 246 τινὸς
491 228 509 246 εἰς
510 228 536 246 τὸν
543 226 603 247 κρισσαῖ-

138 266 164 279 ον
174 262 233 282 κόλπον
241 258 347 286 ἐκχεόμενον
362 259 442 289 ἐμμίξαι
443 266 461 290 τὲ
466 264 506 288 πρὸς
513 263 548 284 τὴν
548 263 599 285 αἰγιαῖ-

138 298 167 322 αν
170 298 252 326 θάλασσαν
261 299 376 323 ἐπειγόμενον,
385 300 401 327 καὶ
410 299 444 322 ὑπὸ
448 305 476 322 τοῦ
481 299 597 323 πελοπονησίου

149 335 207 357 ἰσθμοῦ
213 338 237 355 τῆς
242 337 303 360 πρόσω
309 341 366 363 φορᾶς
378 341 497 362 ἀνακόπτεται
516 338 605 365 προμηθεία

150 376 222 397 κρίττονι
230 374 256 395 ὡς
266 370 322 393 ἕοικεν
334 372 427 394 ἐπικλῦσαι
435 372 465 395 τὴν
470 376 555 397 ἀντίθετον
562 379 602 400 προ-

143 410 191 436 βολῆ
198 413 227 430 τοῦ
228 411 298 437 αὐχένος
307 411 445 437 ἀποτειχιζόμενον.
464 412 554 437 Κἀκτούτου
561 415 585 438 δὲ

149 443 228 471 παλιρροίας
241 442 291 473 αὐτῷ
300 446 334 471 εἰκὸς
341 448 428 475 γινομένης
440 450 454 478 καὶ
460 454 488 475 περὶ
494 450 517 473 τὸν
524 459 594 475 πορθμὸν

142 484 193 506 πλέον
200 480 213 506 ἢ
217 487 264 509 κατὰ
270 485 310 517 ἄλλον
317 485 377 509 κόλπον
385 486 477 509 θλιβομένου
485 490 510 514 τοῦ
515 492 595 512 ἐπιρρέον-

146 525 172 544 τος
185 521 211 555 ἐπὶ
216 528 242 547 τῷ
257 525 378 555 ἀνατρέχοντι
379 525 470 550 πολλάκις
479 525 592 551 ἐμπίπτοντος

145 560 224 589 βρασμὸν
233 565 270 587 ποιεῖ
276 569 293 587 τὸ
303 563 350 590 ὔδωρ
372 561 405 592 καὶ
411 563 470 587 κῦμα
480 567 592 594 φλεγμαῖνον

144 602 198 629 ἐγείρει
207 596 244 624 πρὸς
245 601 276 622 τῆς
285 600 407 627 ἀντιτυπίας
417 604 432 628 εἰς
440 602 520 627 κλύδωνα
521 602 599 629 κορυφού-

142 649 219 662 μενον:-
235 636 276 661 Περὶ
278 635 398 663 μεταβολῆς
411 637 435 660 τῶν
436 637 470 661 τῆς
477 639 504 666 γῆς
512 639 586 665 μερῶν:-

29 665 60 703 ργ´.
145 674 228 700 εταβάλιει
238 668 261 697 τὰ
262 668 305 700 μέρη
311 674 336 698 τῆς
343 675 368 702 γῆς
378 676 406 700 κατὰ
415 689 431 699 τὸ
436 675 529 702 ξηρότερον
536 674 591 702 καὶ
102 669 136 717 Μ

133 710 185 732 τερον
206 715 242 736 ἀπὸ
249 709 278 734 μὲν
285 716 338 737 ὑγροῦ
348 715 437 737 ξηρότερα
445 712 543 737 γινόμενα
555 711 600 733 καὶ
