597 758
34 46 56 72 καὶ
57 50 74 67 τὸ
80 40 145 69 πνεῦμα
157 47 173 67 τὸ
181 40 211 72 ἅγιον
222 41 323 72 ἐκπορευτὸν
331 41 356 64 ἐκ
362 38 404 62 μόνου
409 40 434 60 τοῦ
442 35 477 71 πατρὸς

34 87 55 110 ἀλλ᾽
61 85 84 111 οὐχὶ
92 90 115 118 καὶ
119 94 143 107 ἐκ
144 85 167 105 τοῦ
175 74 201 111 υἱοῦ.
219 78 290 111 Ὀνομάζει
296 77 312 99 δὲ
317 79 338 101 τὸν
347 78 371 107 υἱὸν
376 75 411 97 λόγον
417 77 439 101 τοῦ
444 74 469 111 πατρὸς
473 75 487 110 καὶ

36 125 132 156 ἀπαύγασμα,
141 115 173 140 διὰ
181 115 199 141 τὸ
207 113 248 138 ἄνευ
258 114 368 140 συνδυασμοῦ
378 113 450 134 ἀπαθῶς
457 113 472 141 καὶ

35 162 97 185 ἀχρόνως
106 155 130 182 καὶ
137 149 203 185 ἄρευστως
212 152 244 179 καὶ
248 150 325 181 ἀχωρίστως
333 147 431 184 γεγεννῆσθαι
438 148 459 179 ἐκ
460 149 484 186 τοῦ

40 200 81 218 πατρός.
100 192 127 219 Υἱὸν
135 192 154 211 δὲ
161 190 185 218 καὶ
186 190 288 219 χαρακτῆρα
292 189 320 209 τῆς
327 188 393 213 πατρικῆς
400 188 485 219 ὑποστάσε-

39 233 55 265 ως,
62 227 92 259 διὰ
102 230 113 255 τὸ
117 232 172 252 τέλειον
182 239 207 252 καὶ
216 223 318 249 ἀνυπόστατον
330 223 355 249 καὶ
363 223 405 249 κατὰ
408 224 462 243 πάντα
466 228 488 247 ὅ-

37 276 80 294 μοιον
89 272 103 289 τῷ
111 263 147 295 πατρὶ
151 262 186 291 εἶναι
203 271 255 290 πλὴν
258 261 282 284 τῆς
296 271 384 294 ἀγεννησίας
404 255 483 284 μονογενῆ

37 304 52 333 δὲ
59 306 83 329 ὅτι
92 297 133 330 μόνος
148 301 171 326 ἐκ
175 302 198 325 τοῦ
204 305 256 333 πατρὸς
271 299 346 329 ἐγεννήθη.
366 303 377 321 Εἰ
382 298 406 327 γὰρ
416 297 436 321 καὶ
439 299 456 319 τὸ
461 298 493 317 πνεῦμα

40 349 54 379 τὸ
59 342 93 377 ἅγιον
101 346 123 366 ἐκ
129 343 180 367 μόνου
189 343 219 361 τοῦ
229 343 285 367 πατρὸς
293 337 418 364 ἐκπορεύεται,
425 338 452 363 ἀλλ᾽
458 334 484 366 οὐ

40 380 117 406 γεννητῶς
133 382 177 407 ἀλλ᾽
182 369 262 406 ἐκπορευτῶς
282 370 322 403 ἄλλος
333 375 354 394 δὲ
359 372 423 399 τρόπος
432 369 475 400 ὑπάρ-

39 420 77 440 ξεως
88 416 123 438 οὗτος.
144 418 152 436 Ἡ
158 418 175 435 δὲ
181 412 251 438 γέννησις
261 412 288 439 καὶ
299 417 311 435 ἡ
316 412 423 438 ἐκπόρευσις,
429 412 449 432 ὡς
453 412 472 430 δὲ

37 459 61 481 καὶ
70 455 83 478 ἡ
84 453 172 481 ἀγεννησία,
175 455 200 482 οὐ
204 452 267 480 σημένη
282 450 327 474 οὐσίας
337 454 422 474 διαφορὰν
440 445 488 478 ἀλλὰ

41 491 107 518 ἀξίωμα
124 494 157 519 ἀλλὰ
168 497 224 517 τρόπον
237 490 335 516 ὑπάρξεως:-
375 487 410 510 Περὶ
416 486 444 519 τῆς
448 491 506 512 ἁγίας

9 505 33 561 Ὁ
43 530 71 554 μὲν
83 534 128 555 πατὴρ
137 529 204 548 ἀναίτιος
218 526 246 553 καὶ
253 526 327 556 ἀγέννητος
343 527 358 544 οὐ
364 521 387 547 γὰρ
399 521 485 544 τριάδος:-
540 519 581 538 ρλθ´.

41 564 63 590 ἔκ
64 571 95 590 τινος,
99 567 145 590 οὐδὲ
149 569 172 593 ἐξ
232 569 254 593 τὸ
256 564 293 588 εἶναι
299 560 331 590 ἔχει
337 565 348 588 ὁ
352 563 373 588 δὲ
377 559 406 590 υἱός,
413 563 439 588 ἐκ
441 562 469 583 τοῦ
472 560 505 587 πατρὸς
176 565 226 588 ἑαυτοῦ

46 603 109 628 γεννητῶς
124 606 139 626 τὸ
148 596 165 624 δὲ
172 596 243 628 πνεῦμα
256 603 274 622 τὸ
281 597 315 631 ἅγιον,
330 599 345 627 καὶ
353 596 387 617 αὐτὸ
394 608 424 619 μὲν
435 596 458 617 ἐκ
463 598 490 615 τοῦ

47 640 102 669 πατρὸς
107 644 162 669 μόνου
179 642 203 669 ἀλλ᾽
234 641 311 663 γεννητῶς
323 639 347 669 ἀλλ᾽
348 636 459 662 ἐκπορευτῶς
474 633 498 669 ἅ-
205 642 222 662 οὐ

47 688 73 706 μα
80 681 99 702 δὲ
107 686 112 700 ἡ
119 682 144 711 τοῦ
151 681 179 709 υἱοῦ
189 678 211 700 ἐκ
216 679 241 707 τοῦ
249 678 308 707 πατρὸς
317 678 396 697 γέννησις
414 678 427 701 καὶ
432 674 443 702 ἡ
448 670 473 701 τοῦ
474 666 499 697 ἁγίου

47 718 133 739 πνεύματος
304 715 314 739 ὁ
283 714 298 740 δὲ
250 712 278 742 Τίς
140 719 242 745 ἐκπόρευσις.
384 704 468 731 διαφορᾶς
323 712 382 737 τρόπος
469 700 506 733 γεν-
