592 728
140 52 189 75 χετικὴ
200 49 250 70 ἕνωσις
259 54 285 73 ἐστί,
293 52 351 76 φιλικὴ
358 56 421 75 διάθεσις
436 60 449 74 ἢ
450 58 541 76 θελημάτων
95 46 127 87 Σ

146 87 226 105 ὁμονοητικὴ
234 84 307 104 σύμπνοια.
323 89 336 109 Οἱ
337 85 366 109 γοῦν
371 89 427 111 φιλίαν
434 93 471 110 πρὸς
477 92 547 112 ἀλλήλους

147 119 195 141 ἔχοντες,
208 120 242 138 κατὰ
251 122 264 136 τὸ
270 117 299 137 εἶδος
306 122 331 138 τῆς
335 129 386 142 φιλίας
393 122 451 143 λέγοντες
460 121 489 143 ἔχειν
495 127 549 143 σχετικὴν

146 148 198 171 ἕνωσιν
217 150 258 177 ὥσπερ
263 150 302 176 πάλιν
308 155 319 173 οἱ
321 156 397 173 διϊστάμενοι
406 155 432 175 τὰς
436 154 492 177 γνώμας,
496 157 517 175 καὶ
522 160 541 176 τὰ

143 186 221 205 θελήματα
228 185 289 202 ἐναντία
298 186 352 209 ἀλλήλοις
359 186 412 208 ἔχοντες,
417 186 477 210 λέγονται
485 185 511 208 ἔχειν
518 191 545 210 σχετι-

148 222 171 240 κὴν
180 222 251 240 διαφοράν.
266 220 274 244 Ὁ
277 216 307 244 γοῦν
312 216 382 238 θεήλατος
389 217 446 241 νεστόριος
454 223 464 239 ὁ
467 219 543 243 αἱρετικός,

141 256 162 271 μὴ
171 253 243 272 δεχόμενος
249 255 267 275 τὸ
273 254 384 271 ἐκκλησιαστικὸν
394 254 435 272 δόγμα
442 256 463 272 ὅτι
470 257 501 272 αὐτὸς
502 258 520 272 ὁ
522 255 545 270 θεὸς

143 284 195 304 ἐγένετο
203 282 231 304 ἄνθρωπος,
241 290 265 299 καὶ
432 293 465 315 φύσει
275 287 328 305 ἡνώθη
330 290 351 305 τῇ
356 289 425 307 ἡμετέρᾳ
470 292 493 308 τὴν
499 291 528 309 μὲν
531 292 560 310 καθ᾽

141 318 213 340 ὑπόστασιν
220 317 267 340 ἕνωσιν
275 321 345 343 ἀπηρνεῖτο
358 323 423 344 ἐφλυάρει
424 325 443 341 δὲ
444 320 472 341 ὅτι
479 325 487 339 ἡ
491 322 517 346 ἁγία
519 320 564 345 μαρία,

141 356 192 379 ψιλὸν
193 349 266 379 ἐγέννησεν
274 350 305 371 ἄνθρωπον
319 365 351 379 πρὸς
359 356 371 379 ὃν
378 355 412 379 εἶχεν
419 358 431 375 ὁ
433 356 449 378 θεὸς
451 357 470 374 ἐξ
505 361 528 375 τῆς
532 358 548 375 γεν-
473 354 503 374 αὐτῆς

142 388 193 406 νήσεως
200 393 260 412 φιλικὴν
270 389 331 409 διάθεσιν
345 394 368 410 καὶ
373 390 433 413 ὡμολόγει
440 395 469 410 μὲν
475 388 523 410 ἕνωσιν
532 392 550 414 οὐχ᾽

139 425 235 442 ὑποστατικὴν
245 422 257 442 δὲ
258 423 286 444 ἀλλὰ
287 425 353 444 σχετικὴν.
370 421 406 441 Ὅθεν
413 428 446 443 οὐδὲ
453 424 493 444 μίαν
494 422 563 448 ὑπόστα-

137 458 162 474 σιν
170 460 176 473 ὁ
180 458 239 478 δείλαιος
246 455 332 477 ἐδογμάτιζεν
340 452 365 476 ἐπὶ
369 457 385 483 τοῦ
390 457 418 480 χριστοῦ
429 461 463 482 ἀλλὰ
470 462 488 478 δύο
489 459 536 482 διηρη-

143 490 193 509 μένας
198 491 228 511 μὲν
237 493 294 515 ἀλλήλων
302 501 323 511 καὶ
332 492 364 511 κατὰ
375 501 399 509 τὴν
407 493 451 511 οὐσίαν
459 502 481 514 καὶ
488 493 523 513 κατὰ
527 503 548 510 τὴν

142 521 219 544 ὑπόστασιν
234 526 306 546 ἡνωμένας
313 531 328 544 δὲ
333 529 396 546 ἀλλήλαις
405 527 437 546 κατὰ
445 526 503 545 φιλίαν
515 521 526 550 ἢ
529 527 560 545 ταυτο-

142 560 202 581 βουλίαν
215 561 221 576 ἢ
226 558 294 577 γνωμικὴν
303 558 367 580 διάθεσιν
380 569 402 581 καὶ
405 562 504 579 ταυτοθέλειαν
515 561 523 584 ἢ
527 559 553 585 ἄλλό-

133 590 165 609 τι
164 592 217 611 τοιοῦτον,
220 589 279 614 ὁποῖα
277 593 344 617 ἐλοιδώρει
351 592 410 613 ἐκεῖνος:-
437 594 468 615 Περὶ
472 591 495 617 τῆς
499 589 545 617 ἁγίας

17 612 54 649 ρλη´.
106 622 136 651 Ἡ
144 624 176 651 ἁγία
185 629 208 646 καὶ
216 625 287 647 καθολικὴ
294 628 382 645 ἐκκλησία
390 627 411 646 τὸν
429 622 467 650 πατέρα
475 628 539 649 τριάδος:-
416 626 428 646 μὲν

144 660 218 680 δογματίζει
225 661 294 684 ἀγέννητον
307 665 325 681 τὸν
357 662 377 693 υἱὸν
381 657 439 679 γεννητὸν
445 660 461 680 ἐκ
462 663 491 679 τοῦ
492 665 539 684 πατρὸς
331 659 349 681 δὲ
