575 751
23 39 70 57 στηκεν.
84 26 120 49 Ὥστε
129 26 172 50 κατὰ
181 26 228 47 τοῦτον
237 36 258 46 τὸν
264 19 308 45 λόγον
320 19 365 42 εἴποις
375 23 394 41 ἂν
403 30 427 43 καὶ
437 22 458 42 τὸ

20 76 71 100 χρῶμα
81 78 105 90 καὶ
108 70 138 86 τὴν
146 63 201 86 οὐσίαν,
210 63 272 86 κυρίως
282 63 386 80 ἐνυπόστατον
408 61 467 80 κυρίως

27 109 42 138 δὲ
48 113 61 127 τὸ
68 114 99 127 μὲν
102 103 167 126 χρῶμα
175 98 300 122 ἑτεροϋπόστατον
319 100 346 114 οὐκ
347 98 376 118 ἔχει
382 98 407 116 γὰρ
417 98 463 113 ἰδίαν

23 140 89 170 ὕπαρξιν
111 143 137 167 ἀλλ᾽
141 142 159 159 ἐν
160 140 186 166 τῷ
190 137 249 160 σώματι
269 135 349 158 ὑφέστηκεν
367 136 377 159 ἡ
385 132 402 157 δὲ
410 132 457 157 οὐσία

29 180 82 206 κυρίως
90 174 172 198 ὑπόστασις,
179 176 214 198 ἀλλ᾽
217 175 243 190 οὐκ
244 172 352 195 ἐνυπόστατον.
367 172 388 194 Ἀλλ᾽
389 172 443 193 ὅμως
448 175 484 186 κα-

22 217 119 238 ταχρηστικῶς
133 223 160 236 καὶ
166 208 218 230 ταῦτα
222 206 324 229 ἐνυπόσταντα
332 204 402 230 λέγονται.
421 204 465 234 Πάλιν

30 251 79 274 λέγεται
90 251 191 274 ἐνυπόστατον
200 248 209 265 ὁ
216 246 299 268 καθόλου
311 242 409 270 ἄνθρωπος
427 241 462 269 ὅπερ

29 293 125 313 ὀνομάζουσιν
137 289 149 307 οἱ
153 284 187 313 ἔξω
194 281 298 311 φιλόσοφοι
304 277 342 302 εἶδος
352 277 464 314 εἰδικώτατον.

28 325 131 352 Ἐνυπόστατον
137 320 157 342 δὲ
161 321 232 348 λέγεται,
239 322 259 345 ὁ
265 318 354 344 καθόλου
366 316 407 352 ἄνθρωπος
423 319 451 343 ὡς
456 318 472 342 ἐν

21 370 52 388 τοῖς
58 361 144 385 ὑποστάσεσι
151 360 268 387 θεωρούμενος
289 355 319 377 οἷον
328 359 348 375 ἐν
349 356 377 373 τῷ
382 354 434 378 πέτρῳ
445 354 467 378 καὶ

25 404 52 427 τῷ
55 401 112 423 παύλῳ
124 410 150 423 καὶ
156 398 184 416 τοῖς
189 397 248 420 λοιποῖς
258 397 327 423 μερικοῖς
335 395 375 412 ἀνθρώποις,
397 393 440 417 τρία
447 394 471 407 οὖν

26 438 77 459 ταῦτα
87 440 112 458 τοῦ
123 431 231 457 ἐνυποστάτου
238 432 265 451 τὰ
272 428 388 452 σημαινόμενα
408 429 425 448 οὐ
431 427 479 448 πάνυ

31 480 94 499 δύσκολα
102 478 120 496 εἰς
128 470 219 502 κατάληψιν
238 474 263 500 περὶ
276 473 290 489 δὲ
298 471 321 491 τοῦ
325 465 402 491 τετάρτου
415 468 440 484 τοῦ
444 468 471 489 δυσ-

17 513 117 536 κολωτέρου,
130 511 156 536 ἐφ᾽
157 510 200 537 ἑξῆς
201 508 288 536 ἐροῦμεν:-
298 505 354 527 Περὶ
363 494 475 531 ἐνυποστάτου:-

34 551 110 575 νυπόστατόν
113 547 153 573 ἐστι,
158 553 179 569 τὸ
188 546 224 573 ἄλλω
225 548 247 565 τινὶ
261 542 335 569 διαφόρω
347 543 384 565 κατὰ
389 547 420 571 τὴν
425 542 476 564 οὐσίαν,
518 534 558 562 ρλβ´.
10 550 24 607 Ἐ

21 589 47 607 εἰς
58 586 83 607 ἑνὸς
86 586 166 608 σύστασιν
177 585 264 609 προσώπου
285 593 309 606 καὶ
320 581 354 603 μιᾶ
362 580 428 601 γένἅσιν
434 578 474 597 ὑπο-

33 627 89 651 στάσεως,
101 624 201 645 συγκείμενον.
219 632 237 641 Μὴ
251 620 295 640 μέντοι
307 630 321 640 γε
332 623 370 640 καθ᾽
373 615 414 637 ἑαυτὸ
422 624 455 640 γνωρι-

35 663 100 684 ζόμενον
116 664 147 683 πρὸ
152 657 167 680 σὲ
181 661 245 679 δέσποτά
252 664 279 679 μου
286 659 314 684 τῷ
319 658 380 679 ὀρισμῶ
386 655 411 671 τοῦ
413 654 462 672 ἐνυπο-

35 701 81 720 στάτου
98 695 112 724 καὶ
120 701 132 721 ἡ
139 701 170 725 ἁγία
182 696 274 720 καθολικὴ
285 694 366 716 ἐκκλησία
375 693 417 712 ἐπὶ
415 691 439 708 τῆς
443 689 484 710 οἰκο-
