591 755
45 48 106 70 αἰώνιον
122 46 153 69 οἷον
164 49 171 66 ὁ
172 47 204 67 νοῦς.
219 48 270 67 Τούτου
277 45 303 68 γὰρ
310 44 336 68 καὶ
343 45 352 64 ἡ
358 42 400 66 οὐσία
410 41 478 63 ἀκίνητος

42 93 73 118 καὶ
78 93 86 110 ἡ
95 87 164 110 ἐνέργεια
174 83 275 110 ἀμετάβατος
294 83 333 105 ὁμοῦ
334 78 365 104 γὰρ
371 79 395 108 ἔχει
401 81 420 102 ἐν
426 79 480 111 ἑαυτῷ

50 128 97 157 πάντα,
107 129 121 152 τὸ
122 122 149 152 δὲ
150 125 193 146 σῶμα
197 121 222 142 καὶ
229 117 256 148 τὴν
264 119 309 151 οὐσίαν
315 116 385 144 ἔγχρονον
393 116 415 137 ἐστὶ
425 115 449 138 καὶ
454 113 482 150 τὴν

49 162 123 186 ἐνέργειαν
137 161 169 182 οἷον
176 163 189 179 τὸ
198 154 274 181 ἡμέτερον
283 157 338 186 σῶμα,
347 163 372 175 καὶ
377 154 404 172 τὴν
414 152 461 174 οὐσίαν
468 152 487 177 ἔγ-

46 194 94 225 χρονον
97 198 140 219 ἔχει,
149 199 188 219 κατὰ
195 202 250 216 μικρὸν
255 189 282 214 γὰρ
289 188 374 218 αὐξάνεται,
385 189 409 211 καὶ
419 188 445 213 τὴν
450 188 485 209 ἐνέρ-

46 239 90 258 γειαν
102 229 123 260 οὐ
130 232 157 255 γὰρ
160 231 205 253 ὁμοῦ
206 230 277 256 ἐνεργεῖ
278 225 334 249 πάντα.
353 228 364 259 Ἡ
365 223 386 259 δὲ
389 226 424 251 ψυχὴ
433 222 494 259 κατὰ

49 272 84 297 μὲν
94 274 119 297 τὴν
128 268 186 290 οὐσίαν
187 266 255 287 αἰώνιος
265 262 298 285 ἐστὶν
314 262 352 283 οὐδὲ
356 261 381 285 γὰρ
391 265 428 290 κατὰ
436 266 493 285 μικρὸν

54 309 137 335 αὐξηθεῖσα
149 304 203 336 ἐγένετο
210 303 247 333 ψυχὴ
264 305 287 329 ἀλλ᾽
288 301 312 327 ἐξ
313 302 356 325 ἀρχῆς
361 300 409 322 τελεία
410 300 493 321 γεγένηται

56 347 94 368 κατὰ
100 344 120 364 δὲ
128 345 153 362 τὴν
160 343 236 368 ἐνέργειαν,
237 340 309 366 χρόνου
314 339 373 361 μετέχει.
386 335 404 361 Οὐ
407 332 436 364 γὰρ
444 331 485 359 ὁμοῦ

51 382 86 404 ἔχει
93 377 145 403 πάντα
152 379 183 399 τὰ
190 370 212 400 ἐν
219 377 268 397 ἑαυτῇ
282 375 308 403 ἀλλ᾽
309 378 343 397 ἀφ᾽
344 376 399 398 ἑτέρου
406 370 494 404 μεταβαίνει

53 419 72 438 εἰς
78 419 126 442 ἕτερον.
143 427 168 439 Καὶ
175 417 185 434 ὁ
191 408 244 433 οὺρανὸς
248 410 266 430 δὲ
273 411 337 443 τοιοῦτος
341 410 366 432 ἐστὶ
386 407 451 430 αἰώνιος
459 406 488 427 μὲν

56 457 92 472 κατὰ
102 450 129 472 τὴν
135 451 184 472 οὐσίαν
199 450 242 472 κατὰ
249 446 266 467 δὲ
270 447 299 469 τὴν
306 445 382 467 κίνησιν,
390 441 426 463 ὑπὸ
427 445 484 469 χρόνον

50 490 92 509 αὐτὸς
101 490 190 511 κείμενος:-
209 484 249 508 Πῶς
259 484 275 505 αἱ
283 480 384 509 συλλήψεις
393 475 489 505 γίνονται:-

16 522 56 568 Ἡ
59 523 140 547 σύλληψις
146 524 176 544 τῶν
182 518 224 546 ζώων
229 519 289 548 γίνεται,
301 531 326 543 καὶ
330 518 395 548 μάλιστα
402 519 435 539 τῶν
444 516 493 548 ἀνθρώπων,
539 496 578 536 ßα´.

60 566 98 581 ὅταν
101 561 178 583 ἐπιτηδεία
179 565 212 582 καὶ
218 562 304 587 ξηροτέρα
311 553 412 578 συμμέτρως
419 554 428 570 ἡ
429 553 486 574 μήτρα

61 599 117 621 γένηται
128 593 166 622 πρὸς
172 599 195 615 τὴν
204 596 291 622 παραδοχὴν
301 595 326 614 τοῦ
331 589 418 616 σπέρματος
430 582 456 615 τῶν
464 589 497 605 κατὰ

349 625 375 656 τοῦ
56 634 126 656 μηνίων
134 632 303 656 συνεπισπωμένων
311 626 347 651 ἀπὸ
387 627 426 650 παντὸς
434 624 485 649 ὄγγου,

58 674 97 695 μέρος
102 670 117 690 τὶ
122 673 144 694 τοῦ
148 669 225 693 καθαροῦ
234 669 303 693 αἵματος.
320 663 417 695 Συμβάλεται
423 668 438 692 δὲ
445 668 473 689 καὶ
477 659 498 688 τὸ

60 713 104 731 θῆλυ
113 708 151 732 πρὸς
157 705 224 730 κίνησιν
230 704 362 733 ἐξυγραινομένη
368 699 398 721 τὴν
403 698 471 726 μήτραν
479 698 507 727 ἐν
