614 758
51 64 173 87 διαρέουσιν:-
207 60 246 83 Περὶ
254 55 401 88 κεραυνοῦ:-

16 81 41 146 Ὁ
52 107 133 128 κεραυνός,
139 101 179 125 οὐκ
186 98 221 124 ἔχει
222 101 240 120 τὸ
241 98 291 125 φλέγον
313 94 405 123 λεπτομερὴς
413 91 442 118 γάρ
445 89 485 119 ἐστιν
537 85 589 113 ßη´.

45 140 63 165 ἡ
70 136 115 169 οὐσία
127 135 172 164 αὐτοῦ
186 132 227 153 ὅθεν
230 133 290 158 ταχέως
304 132 407 156 διερχόμενος
411 127 438 151 τὰ
444 127 502 151 σώμα-

48 180 73 198 τα
81 173 113 195 διὰ
119 176 142 192 τὴν
151 170 247 192 λεπτότητα,
255 173 271 189 οὐ
278 166 384 191 καταφλέγει
392 162 438 191 αὐτά.
451 162 506 190 Ἔνθέν

50 214 70 231 τοι
77 210 93 231 καὶ
101 207 183 230 κεραυνὸς
192 204 289 228 ὀνόμασθαι,
297 206 331 222 ἀπὸ
335 202 363 221 τοῦ
368 201 437 221 εὐκραὴς
444 195 504 220 εἶναι

53 247 79 265 καὶ
87 247 115 266 μὴ
125 243 181 266 φλέγειν.
199 238 247 262 Πάνυ
255 234 279 260 γὰρ
289 234 438 259 λεπτομερέστατος
444 236 469 260 ὢν
473 233 495 257 ὡς

52 287 106 303 εἴρηται,
120 284 194 303 ὀξύτατα
205 282 220 299 τὸ
225 279 275 300 σῶμα
284 270 338 295 δίεισὶν
355 271 389 294 ὥστε
396 271 437 294 μήτε
442 270 496 291 καίειν

51 320 87 342 μήτε
96 319 168 342 μελαίνειν.
193 315 234 334 Ὅθεν
244 313 268 337 καί
269 309 308 332 τινες
329 309 403 336 ἀργῆτα
404 310 451 343 τοῦτον
458 307 492 334 ὠνο-

53 353 132 378 μάκασιν,
145 352 176 375 ἤτοι
184 351 258 376 λαμπρὸν
277 346 324 374 ἀργὸν
330 346 354 373 γὰρ
359 349 378 370 τὸ
384 345 444 367 λευκόν.
457 346 470 368 Εἰ
473 345 501 372 γὰρ

52 392 83 412 καὶ
90 391 117 415 πῦρ
126 389 150 413 ἐστὶ
164 390 195 413 καὶ
201 385 245 413 φύσει
256 383 285 413 ἔχει
289 387 304 406 τὸ
309 382 361 406 καίειν,
372 386 397 411 ἀλλ᾽
400 384 412 401 ἡ
417 385 489 404 λεπτότης

55 429 81 452 καὶ
91 429 100 447 ἡ
104 427 161 453 ταχύτης
170 421 199 446 τῆς
209 428 259 453 διόδου
268 424 297 444 μὴ
301 418 403 450 ἐγχρονίζουσα
406 419 432 439 τῷ
435 417 499 439 σώματι,

59 467 135 490 ἄκαυστον
136 465 177 485 τοῦτο
193 460 220 482 ἐᾶ.
235 461 271 485 Πᾶν
280 459 303 486 γὰρ
309 462 322 482 τὸ
330 458 375 484 καῖον
380 457 400 486 οὐ
404 457 453 479 μόνον
461 458 499 481 με-

60 502 113 526 γέθους
121 496 175 523 οἰκείου
182 498 228 521 δεῖται
235 496 273 523 πρὸς
277 500 291 517 τὸ
301 498 367 519 καῦσαι,
377 494 417 522 ἀλλὰ
424 492 458 527 καὶ
459 494 489 527 τοῦ

61 536 168 563 ἐμβραδύναι
173 537 197 554 τῷ
205 536 262 559 καυστῷ
274 530 335 557 σώματι.
353 531 404 557 Παρὰ
410 529 464 557 ταύτην
470 531 507 551 οὖν

58 580 84 594 τὴν
98 574 151 597 αἰτίαν,
157 576 179 593 οὐ
180 576 234 598 φλέγει
246 573 254 591 ὁ
255 572 331 598 κεραυνός:-
376 565 419 591 Περὶ
426 565 520 595 πρηστῆρος:-

33 588 51 647 Ὁ
64 614 127 634 πρηστὴρ
136 610 230 636 καταφλέγει
235 608 256 635 ὡς
264 606 293 630 καὶ
299 607 331 636 αὐτὸ
337 606 393 631 δηλοῖ
394 600 466 622 τοὔνομα,
469 600 536 623 πρη-

59 644 94 675 στὴρ
103 648 128 671 γὰρ
138 647 170 669 ἀπὸ
175 647 199 666 τοῦ
205 645 293 668 ἐμπιπρᾶν
300 641 386 664 ὀνόμασται
400 639 456 665 φλέγει
461 640 495 665 δέ,

64 686 93 712 διὰ
95 688 114 708 τὸ
123 684 265 704 συνεπισπᾶσθαι
273 677 317 701 μεθ᾽
319 679 380 702 ἑαυτοῦ
385 677 501 704 παχυμερεστέ-

63 723 99 745 ραν
109 718 164 746 οὐσίαν
172 721 193 744 ἐκ
194 719 226 748 τοῦ
233 718 304 746 νέφους,
315 716 341 745 καὶ
345 714 406 740 ταύτην
414 711 502 743 ἐκπυροῦν.
