651 755
151 37 219 63 στραπὰς
227 37 266 65 ποιεῖ
274 35 292 57 τὸ
297 27 365 61 θερμὸν
370 31 389 61 ἐν
396 32 409 58 τῷ
410 26 454 62 ἀέρι
461 35 507 56 πρὸς
513 41 529 60 τὸ
535 32 593 64 ψυχρὸν

148 72 252 102 μαχόμενον
268 72 292 94 διὸ
300 71 320 92 καὶ
327 72 398 101 χειμῶνος,
412 73 487 95 οὐδαμῶς
496 73 562 97 βρονταὶ
572 68 610 96 ἔαρος

149 112 165 133 δὲ
166 104 242 134 μάλιστα
253 107 266 134 καὶ
272 105 388 134 φθινοπώρου
406 110 413 129 ἡ
414 114 436 128 δὲ
443 105 526 133 θερμότης
535 105 612 136 πίπτουσα,

148 147 163 171 τὸ
170 145 218 177 ὑγρὸν
225 153 328 172 προσφιλὲς
335 144 371 168 ποιεῖ
380 145 409 167 τοῖς
419 142 519 169 βλαστάνουσι
528 142 547 174 καὶ
556 139 611 172 ὠφέλι-

142 188 181 210 μον
195 185 218 205 τὰ
219 184 276 207 μέντοι
283 186 301 209 γε
310 185 378 205 ἐαρινὰ
385 183 416 204 τῶν
423 183 492 210 ὑδάτων,
503 181 607 210 ἀναγκαιότερα

149 225 177 245 τοῖς
186 221 269 246 σπέρμασι
278 226 309 245 πρὸ
316 226 340 245 τοῦ
348 226 402 246 θέρους.
421 216 463 240 Ὅθεν
470 221 479 239 ἡ
485 223 551 248 πλεῖστον
559 212 611 249 ὑομένη

149 261 172 283 τοῦ
179 257 230 285 ἔαρος
235 260 294 288 χώρα
302 258 381 282 καθάπερ
387 258 400 277 ἐν
406 252 473 288 σικελίᾳ,
482 253 535 282 πολλοὺς
544 254 558 286 καὶ
565 256 614 288 ἀγαθοὺς

148 297 205 322 καρποὺς
207 290 309 319 ἀναδίδωσιν:-
334 293 378 320 Περὶ
380 290 412 316 τῶν
414 290 513 322 μεγίστων
520 293 623 320 βασιλειῶν:-

21 330 62 369 ρη´.
150 329 187 361 ρώτη
198 334 228 366 τῶν
237 325 365 358 διωνομασμένων
367 332 460 357 βασιλειῶν,
463 334 478 358 ἡ
512 327 583 357 ἀσυρίων
591 334 617 352 με-
481 331 504 358 τῶν
110 331 143 377 Π

146 373 158 401 θ᾽
162 373 177 400 ἣν
188 378 216 398 καὶ
221 377 234 397 ἡ
236 379 301 402 μηδικὴ
311 365 359 404 ἐκείνων
361 372 388 398 τε
392 366 479 401 καθελοῦσα,
493 376 502 402 καὶ
508 367 577 397 μείζονα
582 366 600 395 δυ-

147 407 213 432 ναστείαν
224 404 345 439 περιβαλλομένη.
365 407 420 433 Πέρσαι
429 410 444 429 δὲ
450 406 510 429 μήδους
517 408 606 432 καταγωνι-

149 446 218 474 σάμενοι,
231 449 254 475 τῆς
263 450 294 479 μὲν
303 447 348 475 ἀσίας
356 443 410 473 ὀλίγου
419 446 444 467 δεῖν
451 444 504 468 πάσης
511 443 607 476 τελευτῶντες

149 485 249 512 ἐκράτησαν
263 482 403 514 ἐπιχειρήσαντες
408 488 429 504 δὲ
442 480 457 511 καὶ
466 485 492 506 τοῖς
502 479 602 508 εὐρωπαίοις

150 518 222 552 ἔθνεσιν,
236 522 249 545 οὐ
255 533 314 545 πολλὰ
320 518 426 550 ὑπηγάγοντο.
441 522 508 551 Χρόνους
516 518 534 542 δὲ
542 519 553 543 οὐ
561 521 607 543 πολλῶ

152 558 212 583 πλείους
224 561 246 582 τῶν
251 559 343 582 διακοσίων
351 555 422 582 ἔμειναν
433 553 464 580 ἐπὶ
465 558 487 581 τῆς
495 555 543 585 ἀρχῆς.
561 560 567 577 Ἡ
573 566 587 579 δὲ
591 565 618 581 μα-

148 596 237 618 κεδονικὴ
245 593 320 624 δυναστεία,
321 592 351 616 τὴν
359 594 392 617 τῶν
398 596 453 619 περσῶν
461 592 506 624 ἀρχὴν
515 587 605 624 καθελοῦσα

152 629 190 661 ἄχρι
197 632 245 661 δευτέρας
253 631 270 656 ἢ
271 632 326 660 τρίτης
331 631 394 657 ἴσχυσε
397 628 481 659 προελθεῖν
490 630 546 660 γενεᾶς.
562 628 576 656 Ἡ
581 626 600 655 δὲ

151 671 241 698 ῥωμαίων
248 672 292 695 πόλις,
305 668 364 693 ἁπάσης
368 671 402 693 μὲν
407 663 448 699 ἄρχει
456 674 478 698 γῆς
490 667 516 694 ὅση
522 672 552 700 μὴ
555 663 615 686 ἀνέμβα-

144 709 176 738 τός
182 713 216 740 ἐστὶν
223 710 242 738 ἀλλ᾽
247 706 276 738 ὑπ᾽
277 706 313 737 ἀνθρώπων
323 704 384 735 οἰκεῖται
401 705 448 727 πάσης
454 706 467 725 δὲ
474 705 529 728 κρατεῖ
533 702 550 733 τῆς
556 693 618 732 θαλάσσης
