642 752
142 33 170 52 τὰ
177 32 216 51 ἐντὸς
232 28 264 52 ὥστε
275 35 302 52 τῆς
308 36 357 54 πείνης
365 38 380 54 τὸ
391 33 458 60 σφόδρα
469 45 525 61 πικρὸν
533 46 560 60 καὶ
561 40 586 56 θη-

153 73 217 93 ριῶδες
224 71 307 91 ἐνδιδόναι
320 68 346 94 καὶ
353 71 463 96 παρηγορεῖσθαι.
481 73 518 93 Ὥστε
526 73 550 95 καὶ
553 73 598 95 πολὺν

145 109 206 131 χρόνον
213 108 261 130 ζῶσιν
271 101 308 128 ἔνιοι
314 105 332 125 ἂν
336 108 387 131 μόνον
395 104 435 132 ὕδωρ
440 107 547 134 λαμβάνοντες
565 106 602 136 ἄχρις

153 141 170 163 οὗ
179 144 211 165 πᾶν
215 145 305 168 ἐξικμασθῆ
311 147 329 164 τὸ
337 143 445 170 τρεφόμενον
463 145 492 169 καὶ
499 148 609 170 προστίθεσθαι

151 177 247 203 δυνάμενον:-
282 176 295 204 Eἰ
303 175 389 205 ἀληθὲς
393 180 414 205 τὸ
421 184 542 206 καταβασκαίνεσθαι
544 183 601 206 τινὰς

16 219 47 246 ρκη´.
115 199 143 248 Ο
162 216 226 240 ψεῦδος
234 218 263 242 ἐστὶ
267 219 284 240 τὸ
292 215 449 241 καταβασκαίνεσθαι
465 214 495 241 ὑπὸ
503 218 536 239 τῶν
537 229 618 241 ὁρώντων:-
148 223 163 238 ὐ

149 252 193 277 τινὰς
200 254 228 280 καὶ
234 254 348 281 μαραίνεσθαι
353 254 396 279 ὑπὸ
400 259 441 277 τῆς
442 265 481 284 τῶν
483 257 556 283 ὁρώντων
562 256 607 280 ὄψεως.

154 289 256 316 Πολυκίνητος
262 290 287 318 γὰρ
296 292 305 313 ἡ
312 287 349 314 ὄψις
359 290 398 314 οὖσα
409 294 457 318 μετὰ
461 295 558 318 πνεύματος
562 294 603 314 αὐτὴν

154 330 238 357 ἀφιέντες,
247 333 306 362 πυρώδη
312 330 406 355 θαυμαστήν
407 336 444 353 τινα
452 331 532 357 διασπείρει
540 327 605 357 δύναμιν

154 368 193 389 ὥστε
201 379 253 391 πολλὰ
264 366 293 393 καὶ
296 368 359 396 πάσχειν
366 382 392 394 καὶ
397 369 447 392 ποιεῖν
453 372 471 389 δι᾽
472 370 512 391 αὐτῆς
520 371 542 392 τὸν
550 367 608 393 ἄνθρωπον

154 417 178 430 καὶ
182 410 216 430 τὼν
223 406 304 432 ἐρωτικῶν
319 407 334 426 ἃ
342 410 358 426 δὴ
365 404 427 430 μέγιστα
436 405 462 432 καὶ
468 403 577 432 σφοδρότατα
578 414 605 427 πα-

151 442 230 468 θήματα
234 447 259 466 τῆς
267 446 319 472 ψυχῆς
324 439 354 471 ἐστί,
365 449 413 472 ἀρχὴν
422 446 433 465 ἡ
440 441 476 469 ὄψις
486 445 572 469 ἐνδίδωσιν
581 441 609 466 ὥστε

154 479 179 507 ῥεῖν
190 493 214 506 καὶ
220 478 296 508 λείβεσθαι
302 483 327 506 τὸν
336 481 410 508 ἐρωτικόν,
427 481 468 505 ὅταν
477 478 555 505 ἐμβλέπη
556 485 589 504 τοῖς

153 521 212 550 ἀγαθοῖς
226 532 254 545 καὶ
261 517 312 548 καλοῖς.
326 522 344 540 Τὸ
349 519 371 543 γὰρ
382 521 413 540 διὰ
416 523 445 540 τῶν
459 516 539 544 ὀμμάτων
544 511 616 540 ἐκπίπτον

148 558 185 581 εἴτε
192 561 226 582 φῶς
241 553 266 577 εἴτε
274 554 332 582 ῥεῦμα
348 557 382 580 τοὺς
391 557 454 583 ἐρῶντας
464 558 524 580 ἐκτήκει
531 553 560 582 καὶ
565 555 603 577 ἀπό-

150 602 181 617 λυσι
198 594 260 614 τοιαύτη
266 592 325 615 γίνεται
335 594 408 616 διάδοσις
416 593 446 618 καὶ
453 591 543 621 ἀνάφλεξις
552 588 590 615 ὑπὸ

144 633 179 652 τῆς
189 624 243 653 ὄψεως.
258 642 284 656 Καὶ
290 628 317 655 γὰρ
324 632 358 655 τῶν
362 633 412 659 καλῶν
420 626 465 657 ὄψεις,
470 634 502 658 κἂν
507 633 551 656 πάνυ
557 629 604 659 πόρρω-

147 667 186 688 θεν
191 667 204 695 τί
206 661 288 697 βλέπωσι,
293 670 320 698 πῦρ
331 673 354 692 ἐν
355 672 386 690 ταῖς
393 672 425 692 τῶν
431 670 502 695 ζωτικῶν
507 671 561 697 ψυχαῖς
569 670 608 690 ἀνα-

151 710 206 730 πτουσι
224 707 252 731 καὶ
256 706 271 727 τὸ
279 709 326 730 σῶμα
333 707 351 725 δὲ
355 707 385 727 τῶν
390 706 479 731 ἐρωμένων
490 705 503 735 καὶ
512 707 610 734 ὁρωμένων,
