584 756
26 33 98 62 πνεῦμα,
108 36 150 60 κατὰ
158 30 192 57 μὲν
196 34 221 54 τὰς
228 29 321 54 ὑποστάσεις
331 26 413 54 διήρηνται
425 30 467 54 ἄλλος

29 80 49 102 γὰρ
58 83 66 100 ὁ
71 78 116 100 πατὴρ
134 73 165 96 καὶ
173 71 211 98 ἄλλος
218 74 228 89 ὁ
234 67 259 100 υἱὸς
279 79 306 92 καὶ
314 65 352 94 ἄλλος
361 65 378 91 τὸ
381 61 455 94 πνεῦμα

20 105 37 137 τὸ
45 105 75 137 ἅγιον
95 109 136 137 κατὰ
141 108 164 128 δὲ
168 109 203 128 τὴν
210 106 263 129 οὐσίαν
276 103 341 135 ἥνωνται.
361 105 413 124 Οὐσία
417 105 434 120 δε
440 105 470 126 ἐστιν

26 139 37 176 ὁ
38 139 86 175 κοινὸς
93 148 143 176 λόγος
144 143 180 167 τῶν
187 139 305 165 ὑποστάσεων
323 139 354 166 ἤτοι
360 142 373 166 ἡ
376 135 412 167 μία
419 131 475 169 θεότης

26 192 37 210 ἡ
41 186 75 207 μία
83 183 128 207 φύσις
150 183 161 204 ἡ
162 180 201 203 μία
206 177 272 205 μορφῆ.
290 179 378 198 Ὁμούσια
385 179 414 192 οὖν
419 181 437 192 ὁ
438 175 474 197 πατὴρ

29 223 36 245 ὁ
39 227 68 254 υἱὸς
75 224 101 245 καὶ
107 222 125 241 τὸ
136 221 173 247 ἅγιον
181 213 253 241 πνεῦμα
271 217 293 244 ὡς
298 212 328 241 τῆς
335 206 383 242 αὐτῆς
391 210 419 237 καὶ
425 214 478 240 μιᾶς

25 263 76 284 οὐσίας
79 258 178 284 τυγχάνοντα.
197 253 278 282 Διήρηνται
285 252 318 275 μὲν
327 249 357 271 οὖν
365 249 388 269 ὡς
395 249 447 273 εἴρηται
455 249 479 277 κατὰ

23 296 50 319 τὰς
57 296 159 318 ὑποστάσεις
168 289 197 313 ἤτοι
204 292 294 315 πρόσωπα
316 287 369 308 ἥνονται
377 287 398 306 δὲ
406 287 444 310 κατὰ
450 283 473 315 τὴν

28 338 77 360 οὐσίαν
98 331 129 354 ἤτοι
138 333 185 356 φύσιν.
203 328 232 349 Διὰ
233 329 281 354 τοῦτο
288 322 316 352 οὖν
325 322 396 348 λέγονται
403 321 479 344 ὁμούσια

22 382 47 396 καὶ
49 371 123 400 ὁμοφυῆ:-
179 366 224 387 Περὶ
228 360 390 386 ὁμοϋποστάτου:-

33 408 119 429 μοϋπόστατα
130 402 197 430 λέγονται
217 403 250 423 ὅσα
257 401 340 425 διαφέρει
345 395 386 424 μὲν
393 400 466 430 ἀλλήλων
517 381 556 421 ρλδ´.
0 388 27 447 Ὁ

24 449 67 470 κατὰ
74 448 101 466 τὴν
110 446 158 467 οὐσίαν,
173 448 196 464 εἰς
203 455 237 465 μίαν
238 441 267 461 δὲ
273 451 298 463 καὶ
305 440 340 460 τὴν
350 440 395 456 αὐτὴν
403 440 474 458 ὑπόστα-

30 488 53 504 σιν
63 483 123 504 ἀλλήλοις
134 477 240 502 συντίθενται
260 477 295 498 οἷον
306 471 327 496 σὺ
336 478 343 494 ὁ
344 475 428 500 βασιλεὺς
440 479 500 497 μιχαήλ,

34 522 106 546 σύγκεισαι
118 519 142 540 ἐκ
152 516 211 544 ψυχῆς
221 516 250 539 καὶ
262 515 338 539 σώματος.
356 511 413 547 Ταῦτα
419 509 438 528 δὲ
439 508 473 527 τὰ

31 561 66 587 μέρη
78 563 88 581 ἡ
92 562 139 588 ψυχὴ
149 569 178 580 καὶ
185 560 201 579 τὸ
209 558 262 580 σῶμα,
278 550 362 580 διάφορα
367 551 407 573 εἰσὶ
409 550 448 574 κατὰ
451 549 479 566 τὴν

34 601 84 622 οὐσίαν.
102 594 131 622 Ἄλλη
138 594 165 618 γὰρ
176 594 219 616 οὐσία
224 595 272 622 ψυχῆς
291 591 306 621 καὶ
313 590 348 620 ἄλλη
355 591 429 622 σώματος
446 590 483 615 ὁμο-

34 635 106 655 ϋπόστατα
114 628 135 652 δὲ
142 629 182 654 κατὰ
188 630 223 655 τὴν
224 628 337 655 χριστιανικὴν
345 624 387 655 δόξαν
407 624 441 645 οὔτε
449 624 477 649 γὰρ

36 673 44 692 ἡ
47 674 90 697 ψυχὴ
100 670 230 697 προγενεστέρα
235 668 264 688 τοῦ
270 666 358 691 σώματος,
366 660 396 687 οὔτε
402 666 422 683 τὸ
424 663 477 684 σῶμα

34 704 137 734 πρεσβύτερον
142 705 169 726 τῆς
175 708 223 734 ψυχῆς
243 707 268 733 ἀλλ᾽
269 705 314 732 ὁμοῦ
320 703 363 729 ψυχὴ
372 713 398 725 καὶ
407 703 463 727 σῶμα.
