599 746
36 43 65 63 τῆς
66 30 141 64 ὑποστάσεως
149 31 229 52 ταυτότητα
241 43 264 56 καὶ
268 34 293 57 τὴν
298 36 315 54 εἰς
324 29 375 57 ἄλληλα
384 31 428 54 αὐτῶν
433 27 495 56 συμ-

45 78 149 103 παραχώρησιν.
161 76 202 96 Τοῦτο
208 74 276 93 δέσποτά
277 75 317 94 μου,
322 72 373 99 πάλιν
382 68 439 91 ἐμποιεῖ
440 68 489 89 πολὴν

47 124 69 144 τοῖς
76 110 154 138 αἱρετικοῖς
167 122 189 132 μὴ
195 110 291 138 δυναμένοις
300 110 379 133 διαγνῶναι
383 110 402 124 τὸ
407 110 456 128 βάθος
460 110 482 125 τῆς

42 150 123 179 οἰκονομίας
143 157 168 172 καὶ
169 147 197 166 τὴν
205 147 229 167 τῶν
234 144 322 165 λεγομένων
330 144 410 161 συνιέναι
415 144 494 167 διάνοιαν:-

114 190 145 210 Περὶ
157 182 208 210 θείας
221 178 318 204 ἑνώσεως:-

45 228 96 254 φείλεις
109 227 163 244 εἰδέναι
178 220 237 238 δέσποτά
243 228 277 240 μου
287 226 314 240 καὶ
319 213 395 237 βασιλεῦ,
403 216 422 234 ὡς
431 216 440 232 ἡ
446 215 474 234 τῆς
535 205 579 238 ρμα´.
16 205 36 265 Ὀ

51 262 120 284 θεότητος
130 261 174 284 φύσις
184 255 228 280 πᾶσα,
229 255 300 284 τελείως
309 255 343 275 ἐστὶν
350 254 400 279 ἑκάστη
406 248 440 271 τῶν
445 249 491 269 αὐτῆς

47 298 145 320 ὑποστάσεων
164 293 211 319 πᾶσα
212 295 234 315 ἐν
235 290 291 315 πατρὶ
302 292 354 313 πᾶσα
357 292 377 312 ἐν
384 290 410 315 υἱῷ
424 287 479 310 πᾶσα

50 340 68 359 ἐν
77 340 106 359 ἁγίῳ
115 332 192 358 πνεύματι
212 342 237 354 καὶ
245 333 268 352 ἐν
269 332 289 349 τῇ
294 328 413 352 ἐνανθρωπήσει
421 324 448 344 οὖν
454 325 479 350 τοῦ

50 380 83 398 ἑνὸς
89 378 116 396 τῆς
123 373 154 399 ἁγίας
162 370 225 395 τριάδος
235 368 265 394 υἱοῦ
272 368 297 394 τοῦ
302 368 348 392 θεοῦ,
354 362 398 392 πᾶσαν
400 361 423 386 καὶ
425 361 485 386 τελείαν

52 411 158 430 δογματίζομεν
163 401 196 425 τὴν
198 402 246 431 φύσιν
250 405 276 428 τῆς
277 401 351 427 θεότητος
365 401 385 428 ἐν
391 401 426 425 μιᾶ
427 401 457 425 τῶν
462 401 494 425 αὐ-

49 449 73 469 τῆς
82 445 178 469 ὑποστάσεων
187 438 270 465 ἑνωθῆναι
281 440 340 461 πάντα
346 439 365 460 τῇ
370 434 458 458 ἀνθρωπίνῃ
462 433 486 460 φύ-

57 488 75 510 σει.
87 486 101 512 Οὐ
108 488 144 509 μὴν
149 484 217 504 λέγομεν
226 475 254 498 ὅτι
261 479 277 502 αἱ
281 477 314 500 τρεῖς
318 471 403 500 ὑποστάσεις
409 475 435 496 τῆς
441 471 478 496 ἁγίας

48 521 122 543 θεότητος,
130 520 196 544 πάσαις
200 517 240 543 ταῖς
245 518 274 537 τῆς
279 510 395 536 ἀνθρωπότητος
401 505 501 536 ὑποστάσεσι,

56 563 101 586 καθ᾽
102 560 166 583 ὑπόστασιν
173 552 263 578 ἡνώθησαν
273 550 319 573 πάσῃ
327 552 342 567 δὲ
348 551 369 570 τῇ
373 549 470 570 ἀνθρωπίνῃ
475 549 503 572 φύ-

53 597 71 622 σει
77 597 140 620 φαμὲν
148 587 242 612 ἑνωθῆναι,
250 593 311 610 πᾶσαν
314 589 343 605 τὴν
349 586 382 604 τῆς
383 582 449 602 θεότητος
454 580 502 606 οὐσίαν.

57 635 84 665 Κατ᾽
87 635 145 657 οὐδένα
153 631 177 652 γὰρ
184 627 227 652 λόγον
234 622 357 646 κεκοινώνηκεν
368 619 378 644 ὁ
384 618 431 642 πατὴρ
436 616 465 637 καὶ
468 621 489 642 τὸ

61 677 129 695 πνεῦμα
140 669 154 687 τὸ
161 666 197 687 ἅγιον
203 665 226 684 τῇ
228 660 313 687 σαρκώσει
321 657 346 680 τοῦ
351 652 389 681 θεοῦ
393 651 437 675 λόγου
447 654 459 675 εἰ
461 652 495 671 μὴ

63 708 91 729 κατ᾽
93 705 165 724 εὐδοκίαν
176 700 189 730 καὶ
201 700 277 725 βούλησιν.
286 698 340 719 Πᾶσα
346 696 376 715 οὖν
381 692 394 720 ἡ
399 692 445 719 φύσις
450 686 500 712 ἡμῶν
