618 753
133 27 198 54 ἄγγελοι,
207 32 235 52 ἤδη
244 30 282 56 κατὰ
283 32 315 53 τὸν
320 30 388 55 ἀριθμὸν
398 36 523 59 ἐπερατώθησαν.
529 36 567 61 Τοῖς

134 72 156 89 δὲ
161 72 200 90 ἀνθρώποις
212 73 231 89 εἰς
238 73 247 91 τὸ
257 66 318 94 ἄπειρον
331 70 404 95 προχεῖται
410 76 420 94 ἡ
421 71 480 94 γένεσις
492 74 559 95 σταθήσεται

134 103 154 122 δὲ
159 105 185 126 καὶ
195 102 230 128 αὐτὴ
234 104 274 126 κατὰ
280 107 301 123 τὸν
308 106 339 127 τῆς
347 106 430 129 συντελείας
439 97 517 133 καιρόν:-

133 135 144 160 Εἰ
153 134 233 161 ἄπειρον
240 141 257 159 τὸ
270 136 311 160 θεῖον
324 136 337 158 καὶ
338 139 378 160 πῶς
391 134 477 162 ἄπειρον:-

11 161 54 198 πθ´.
90 179 128 214 Π
158 179 174 202 τὸ
181 172 221 207 ὄντως
224 178 252 203 ὄν,
259 174 290 204 οὔτε
299 180 334 200 κατὰ
341 181 356 203 τὸ
363 180 418 200 πλῆθος
426 175 452 205 ἐστὶ
454 175 508 203 ἄπειρον
513 174 543 206 οὔτε
550 178 579 203 κατὰ
134 179 152 196 ᾶν

125 214 149 234 τὸ
153 212 212 235 μέγεθος
228 214 267 236 ἀλλὰ
273 213 309 236 κατὰ
314 212 361 234 μόνην
369 212 396 233 τὴν
404 212 469 235 δύναμιν.
483 217 489 231 Ὁ
494 213 513 236 γὰρ
518 219 540 235 θεός,
546 212 572 242 οὔτε

126 247 197 271 πλῆθος
207 246 239 271 ἐστὶν
246 251 282 277 ἀλλὰ
289 250 339 277 κυρίως
347 248 369 273 ἕν,
378 245 404 271 οὔτε
409 249 470 272 μέγεθος
479 249 504 275 ἔχει
510 251 566 274 ἀσώμα-

122 286 150 310 τον
158 284 182 308 γάρ.
199 282 260 310 Ἄπειρος
268 282 290 309 γάρ
296 285 316 306 ἐστι
325 285 361 307 κατὰ
362 284 411 306 μόνην
412 287 437 304 τὴν
444 284 510 307 δύναμιν
541 284 560 309 γὰρ
518 285 539 308 οὐ

131 317 179 347 πέρατι
191 319 326 344 καταλαμβάνεται
333 318 348 346 ἡ
353 317 398 343 τούτου
406 320 473 347 ἐνέργεια
488 328 507 348 ἄλλ᾽
512 323 519 348 ἥ
523 321 538 351 τε
543 323 559 349 γε-

134 360 192 379 ννητικὴ
204 359 251 378 αὐτοῦ
258 355 320 381 δύναμις
332 360 347 378 ἥ
352 356 367 378 τε
375 363 459 385 φρουρητικὴ
480 360 487 378 ἥ
488 358 503 379 τε
509 355 572 382 ζωογονικὴ

129 395 161 415 τως
177 394 184 413 ἥ
185 393 200 413 τε
208 393 284 424 ἀναγωγικὴ
303 392 333 416 καὶ
338 395 392 414 ἁπλῶς
399 396 446 420 πᾶσαι
455 394 474 417 αἱ
474 392 557 415 δυνάμεις

131 431 174 450 αὐτοῦ
176 428 239 454 ἄπειροί
240 433 269 455 εἰσι
277 429 302 453 καὶ
311 430 405 452 ἀνέκλειπτοι
431 435 460 454 καὶ
465 437 505 454 αὐτὸς
513 427 562 455 ἄπειρος

133 471 173 493 κατὰ
183 470 216 490 τὴν
222 468 276 493 ἀρχὴν
284 469 310 491 καὶ
318 469 357 492 κατὰ
365 469 386 488 τὸ
437 477 460 489 Καὶ
465 467 478 483 τὸ
484 477 513 489 μὲν
519 463 549 486 ἄνω
388 467 427 486 τέλος.

131 506 175 530 αὐτοῦ,
184 499 252 534 ἄναρχον
259 502 346 528 ὀνομάζεται
363 506 384 526 τὸ
389 504 409 525 δὲ
412 503 457 530 κάτω,
464 508 553 528 ἀτελεύτητον

131 546 150 561 τὸ
154 540 169 561 δὲ
170 540 240 567 ξύμπαν,
247 543 305 563 αἰώνιον.
326 536 387 565 Ἄπειρος
395 540 422 566 οὖν
428 542 456 561 τὴν
466 540 524 566 δύναμιν
527 542 539 559 ὁ
538 542 561 561 θεός,

133 574 196 601 ἄναρχός
197 579 213 601 τε
216 577 243 596 καὶ
251 577 346 598 ἀτελεύτητος
354 580 382 600 καὶ
389 578 454 603 αἰώνιος
462 580 501 598 τοῦτο
507 579 526 598 δὲ
532 589 554 601 καὶ

129 617 141 639 ὁ
145 615 226 640 θεολόγος
235 610 309 640 γρηγόριος
317 617 338 641 τῷ
341 612 373 635 ὄντι
374 613 464 636 θεολογικῶς
472 613 551 640 διορίζεται:-

137 648 174 674 Περὶ
179 647 243 672 αἰῶνος
257 651 288 674 καὶ
295 647 387 678 χρόνου:-

36 688 56 716 ß´.
98 681 130 728 Τ
172 686 213 716 ὄντων
221 689 247 710 τὰ
253 689 285 711 μὲν
292 691 316 709 τὴν
323 685 373 709 οὐσίαν
381 689 407 713 καὶ
447 688 521 713 ἐνέργειαν
529 685 572 718 ἔχει
408 691 443 710 τὴν
141 687 166 710 ῶν
