1783 1980
465 287 620 348 ὑμῶν,
617 265 672 343 τί
673 245 950 337 ἐνδύσεσθε·
964 278 1052 345 οὐχὶ
1055 274 1106 344 ἡ
1109 265 1242 344 ψυχὴ,

480 354 674 410 πλείων
680 346 769 408 ἐστὶ
764 352 839 404 τῆς
841 349 1024 397 τροφῆς.
1041 346 1105 397 καὶ
1115 349 1164 402 τὸ
1167 343 1281 396 σῶμα.

1222 401 1271 471 τὰ
482 420 561 467 τοῦ
569 410 864 471 ἐνδύματος;
904 402 1157 461 ἐμβλέψατε
1164 399 1220 469 εἰς

420 480 630 548 Πετεινὰ
634 484 705 539 τοῦ
708 476 862 531 οὐνοῦ.
875 473 961 524 ὅτι
964 469 1014 529 οὐ
1021 471 1270 529 σπείρουσϊν·

604 547 860 598 θερίζουσϊν·
487 549 599 606 οὐδὲ
869 532 994 583 οὐδὲ
1000 530 1251 588 συνάγουσϊν

479 612 562 673 εἰς
921 600 946 652 ὁ
956 591 1051 649 πὴρ
843 600 911 648 καὶ
564 609 830 658 ἀποθήκας·
1055 588 1189 651 ὑμῶν
1199 595 1244 643 ὁ

483 676 649 726 οὐνϊος
662 666 819 726 τρέφει
824 662 965 718 αὐτά·
1002 658 1059 721 οὐχ
1061 658 1165 708 ὑμεῖς
1171 649 1305 709 μᾶλλον

486 730 785 794 δϊαφέρετε
785 727 967 784 αὐτῶν;
1003 726 1076 782 τΐς
1084 715 1151 774 δὲ
1168 712 1255 775 ἐξ

482 796 622 850 ὑμῶν
632 793 863 848 μεριμνῶν,
869 789 1055 845 δύναται
1062 785 1289 833 προσθεῖναι

596 863 682 916 τὴν
487 857 595 917 ἐπὶ
891 850 1015 905 αὐτοῦ
689 856 885 910 ἡλικίαν
1017 849 1169 909 πῆχϋν
1170 839 1275 897 ἕνα·

491 921 536 986 <+>
916 909 978 964 τΐ
538 919 662 979 περὶ
981 910 1271 963 μεριμνᾶτε·
671 916 915 973 ἐνδύματος,

496 982 841 1043 καταμάθετε
842 978 898 1032 τὰ
910 978 1033 1029 κρίνα
1118 966 1273 1022 ἀγροῦ.
1040 971 1112 1019 τοῦ

504 1047 614 1101 πῶς
621 1043 827 1095 αὐξάνει·
845 1038 895 1092 οὐ
1182 1027 1299 1088 νήθει·
903 1036 1085 1090 κοπιᾷ·
1092 1031 1178 1085 οὐδὲ

679 1105 817 1165 ὑμῖν,
487 1107 605 1174 λέγω
821 1100 905 1149 ὅτϊ
907 1092 1012 1159 οὐδὲ
606 1102 666 1159 δὲ
1024 1094 1252 1146 σολομὼν

776 1166 880 1212 δόξη
708 1172 774 1218 τῆ
496 1180 560 1230 ἐν
567 1177 702 1221 πάση
885 1160 1031 1210 αὐτοῦ,
1034 1152 1299 1210 περϊεβάλετο

498 1233 594 1301 ὡς
607 1232 651 1293 ἓν
657 1226 844 1290 τούτων·
1074 1214 1220 1277 χόρτον
878 1218 919 1281 εἰ
925 1210 979 1272 δὲ
990 1218 1070 1278 τὸν
1224 1208 1281 1275 τοῦ

1216 1280 1304 1335 εἰς
1053 1282 1208 1337 αὔρϊον
978 1288 1055 1345 καὶ
643 1298 838 1353 σήμερον
841 1289 978 1344 ὄντα·
452 1305 638 1356 ἀγροῦ·

1147 1344 1280 1395 οὕτως
1089 1346 1142 1402 θς
1051 1349 1088 1397 ὁ
749 1358 1051 1402 βαλλόμενον,
506 1358 737 1415 κλίβανον

1061 1404 1216 1467 μᾶλλον
927 1405 1053 1467 πολλῶ
873 1406 926 1471 οὐ
517 1424 867 1481 ἀμφϊέννυσιν,
1218 1394 1318 1460 ὑμᾶς
