1643 1980
448 289 624 349 πονηροὶ
630 268 741 350 ὄντες.
744 280 914 347 οἴδατε
920 272 1071 347 δόματα
1078 293 1205 350 ἀγαθὰ

431 354 627 406 δϊδόναι
631 352 712 408 τοῖς
720 357 899 407 τέκνοις
911 359 1046 409 ὑμῶν,
1062 363 1191 411 πόσω

447 412 610 471 μᾶλλον
612 418 648 465 ὁ
655 415 742 467 πὴρ
742 417 867 470 ὑμῶν
869 418 900 466 ὁ
905 417 958 473 ἐν
959 413 1043 467 τοῖς
1047 416 1198 470 οὐνοῖς,

430 471 582 523 δώσει
584 477 708 535 ἀγαθὰ
708 478 799 528 τοῖς
811 479 993 534 αἰτοῦσιν
997 478 1142 536 αὐτόν·

391 530 555 600 Πάντα
558 534 637 590 οὖν
641 537 726 594 ὅσα
732 534 788 596 ἂν
789 536 926 595 θέλητε
933 541 1010 593 ἵνα
1013 543 1181 597 ποιῶσϊν

450 598 552 658 ὑμῖν
603 600 716 654 ἄνοι,
718 605 865 655 οὕτως
868 601 942 650 καὶ
948 600 1065 655 ὑμεῖς
1066 602 1191 654 ποιεῖτε
558 606 604 653 οἱ

447 661 616 713 αὐτοῖς·
623 655 739 713 οὗτος
750 666 825 720 γάρ
834 664 929 714 ἐστϊν
935 663 963 718 ὁ
966 664 1109 717 νόμος
1114 664 1198 713 καὶ

448 726 498 775 οἱ
504 721 773 778 προφῆται·
799 723 1031 775 εἰσέλθετε
1031 721 1112 773 δϊὰ
1115 730 1191 773 τῆς

441 778 596 839 στενῆς
597 786 777 836 πύλης·
791 782 882 835 ὅτϊ
886 782 1076 836 πλατεῖα
1083 781 1106 840 ἡ
1107 777 1211 832 πύλη

441 843 483 908 <+>
488 847 720 905 εὐρύχωρος
729 842 764 901 ἡ
772 838 866 899 ὁδὸς
892 841 927 903 ἡ
930 841 1140 899 ἀπάγουσα
1139 843 1210 902 εἰς

448 911 524 960 τὴν
526 910 816 961 ἀπώλειαν·
828 905 907 953 καὶ
917 907 1085 961 πολλοὶ
1088 905 1201 968 εἰσϊν

446 970 495 1023 οἱ
503 966 822 1028 εἰσερχόμενοι
822 955 867 1018 δι᾽
868 962 1036 1014 αὐτῆς·
1053 968 1107 1012 τί
1109 973 1226 1026 στενὴ

442 1028 486 1083 ἡ
491 1036 643 1081 πύλη·
652 1028 726 1080 καὶ
729 1029 1017 1084 τεθλϊμμένη
1023 1029 1048 1080 ἡ
1052 1031 1174 1075 ὁδὸς

443 1089 482 1139 ἡ
485 1091 725 1137 ἀπάγουσα
724 1090 783 1143 εἰς
791 1088 878 1144 τὴν
882 1089 1044 1143 ζωήν·
1055 1087 1089 1141 <+>
1095 1083 1207 1150 ὀλΐγοι

446 1148 562 1198 εἰσὶν
567 1149 606 1201 οἰ
609 1147 903 1201 εὑρίσκοντες
910 1149 1069 1200 αὐτήν·
1100 1165 1222 1206 προσ

394 1205 558 1266 έχετε
561 1203 621 1257 δὲ
628 1212 732 1262 ἀπὸ
732 1202 824 1267 τῶν
827 1205 1234 1264 ψευδοπροφητῶν·

449 1272 652 1322 οἵτϊνες
661 1268 866 1329 ἔρχονται
869 1275 989 1322 πρὸς
997 1269 1126 1323 ὑμᾶς
1138 1268 1212 1323 ἐν

448 1329 699 1381 ἐνδύμασϊ
702 1331 985 1386 προβάτων·
995 1328 1150 1384 ἔσωθεν
1156 1328 1217 1381 δὲ

443 1395 548 1467 εἰσι
547 1390 698 1458 λΰκοι
702 1389 940 1455 ἅρπαγες·
963 1389 1062 1455 ἀπὸ
1069 1387 1209 1470 τῶν
