1726 1988
531 248 587 317 oἱ
591 220 816 333 φαρϊσαῖοι,
827 250 1063 334 νηστεύοντες
1075 256 1189 344 πολλά.
1200 262 1348 335 οἱ

741 336 828 384 σου
831 339 879 386 οὐ
883 345 1158 393 νηστεύουσϊ·
1179 340 1214 400 <+>
1217 333 1332 405 εἶπεν
526 330 738 376 μαθηταί

735 388 811 444 ἰς
845 391 930 450 μὴ
929 396 1148 450 δύνανται
1281 404 1343 461 τοῦ
693 390 728 441 ὁ
1151 402 1197 454 οἱ
1204 403 1280 450 υἱοὶ
532 383 688 433 αὐτοῖς

540 451 814 513 νϋμφῶνος
824 450 1037 512 πενθεῖν,
1045 456 1121 515 ἐφ᾽
1127 459 1226 515 ὅσον
1233 461 1347 516 χρόνον

545 517 616 563 μετ᾽
621 514 754 565 αὐτῶν
755 515 858 566 ἐστϊν
869 517 902 577 ὁ
905 520 1164 577 νϋμφίος;
1176 515 1316 576 ἐλεύ

962 576 1085 634 ὅταν
767 578 956 632 ἡμέραι.
536 572 690 627 σονται
695 568 758 624 δὲ
1090 583 1304 638 ἀπαρθῆ

599 633 730 694 αὐτῶν
529 631 597 692 ἀπ᾽
771 637 1017 692 νϋμφίος·
1018 641 1107 695 καὶ
738 643 767 690 ὁ
1224 641 1352 705 νηστεύ
1110 643 1222 698 τότε

538 694 752 752 σουσϊν·
778 698 910 763 οὐδεὶς
916 700 968 753 δὲ
975 703 1220 760 ἐπιβάλλει
1228 703 1331 754 ἐπί

469 755 679 825 βλημα
854 765 1046 817 ἀγνάφου.
683 759 852 815 ῥάκους
1141 765 1324 818 ἱματίω
1043 759 1134 818 ἐπὶ

543 830 771 888 παλαιῶ·
783 823 892 880 αἴρει
980 829 1039 885 τὸ
1043 826 1308 892 πλήρωμα
889 826 976 887 γὰρ

534 886 665 942 αὐτοῦ
670 887 767 940 ἀπὸ
1072 891 1147 942 καὶ
770 882 849 943 τοῦ
1150 891 1322 953 χεῖρον
850 893 1057 944 ἱματίου·

1037 955 1294 1016 βάλλουσϊν
893 947 1022 1004 οὐδὲ
538 944 690 1022 σχίσμα
688 949 885 1006 γίνεται·

844 1010 1024 1061 ἀσκοὺς
1027 1019 1296 1070 παλαιούς·
534 1016 662 1060 οἶνον
779 1013 844 1068 εἰς
667 1018 775 1068 νέον

1035 1077 1086 1133 οἱ
1089 1079 1257 1135 ἀσκοί·
539 1060 578 1121 εἰ
642 1069 789 1128 μήγε,
585 1061 639 1122 δε
790 1069 1028 1132 ῥήγνϋνται
1256 1075 1309 1136 <+>

1016 1139 1058 1193 οἱ
575 1126 694 1187 οἶνος
941 1135 1011 1190 καὶ
1197 1140 1330 1196 ἀπόλ
1063 1142 1193 1192 ἀσκοὶ
528 1132 574 1183 ὁ
692 1135 935 1182 ἐκχεῖται·

744 1192 850 1254 ἀλλὰ
1078 1194 1220 1260 οἶνον
1222 1203 1331 1263 νέον
852 1196 1083 1258 βάλλουσϊν
510 1189 723 1250 λϋνται·

533 1256 615 1307 εἰς
620 1256 784 1316 ἀσκοὺς
794 1267 1017 1320 καινούς·
1108 1262 1340 1329 ἀμφότεροι
1024 1270 1111 1327 καὶ

1187 1333 1331 1400 λαλοῦν
1071 1333 1182 1385 αὐτοῦ
922 1321 1057 1382 ταῦτα
516 1313 875 1372 σϋντηροῦνται·

1143 1399 1332 1468 ἐλθὼν,
1064 1387 1138 1459 τΐς
904 1392 1065 1467 ἄρχων
797 1380 905 1452 ἰδοὺ
628 1376 794 1450 αὐτοῖς,
526 1374 626 1446 τος
