1680 1995
413 242 588 333 Μετὰ
589 244 657 315 δὲ
660 231 722 328 τὴν
724 236 960 328 μετοικεσίαν
961 254 1285 325 βαβϋλῶνος,

510 332 710 388 ἰεχονίας
714 330 920 386 ἐγέννησε
920 331 995 383 τὸν
1002 327 1266 388 σαλαθϊήλ·

514 390 722 446 σαλαθϊήλ
726 394 772 445 δὲ
778 396 962 442 ἐγέννησε
968 392 1032 449 τὸν
1036 398 1298 450 ζοροβάβελ·

513 457 781 506 ζοροβάβελ
782 454 839 505 δὲ
850 456 1038 508 ἐγέννησε
1044 458 1112 511 τὸν
1117 454 1282 507 ἀβϊούδ·

506 513 687 565 ἀβϊούδ
692 508 757 563 δὲ
772 515 969 575 ἐγέννησε
977 514 1045 569 τὸν
1053 516 1274 575 ἐλιακείμ·

515 569 708 626 ἐλϊακείμ
710 570 768 624 δὲ
776 579 981 624 ἐγέννησε
993 578 1070 631 τὸν
1075 575 1263 632 ἀζώρ·

499 630 643 689 ἀζώρ
646 632 706 686 δὲ
716 632 915 693 ἐγέννησε
925 635 986 693 τὸν
990 639 1146 687 σαζώκ·
1152 634 1287 687 σαζώκ

486 692 554 750 δὲ
557 695 778 758 ἐγέννησε
782 700 852 753 τὸν
858 698 994 758 ἀχείμ·
1017 696 1113 753 ἀχείμ
1115 693 1167 751 δὲ
1177 697 1266 760 ἐγέν

504 762 629 814 νησε
639 757 716 813 τὸν
723 762 890 814 ἐλϊούδ·
900 762 1061 815 ἐλϊούδ
1064 769 1111 817 δὲ
1116 762 1275 814 ἐγέννησε

506 818 569 880 τὸν
577 824 800 879 ἐλεάζαρ·
811 822 1017 879 ἐλεάζαρ
1015 816 1072 873 δὲ
1076 824 1275 880 ἐγέννησε

498 885 573 937 τὸν
580 882 760 931 ματθάν·
770 883 929 935 ματθάν
934 882 984 932 δὲ
992 879 1196 942 ἐγέννησε
1195 887 1277 938 τὸν

491 941 678 998 ἰακώβ·
687 943 832 992 ἰακώβ
832 941 892 991 δὲ
899 946 1083 1001 ἐγέννησε
1090 946 1156 996 τὸν
1161 948 1292 1005 ἰωσήφ

508 1004 567 1055 τὸν
575 1000 724 1055 ἄνδρα
726 1005 913 1058 μαρίας·
923 1001 978 1063 ἐξ
970 1003 1019 1060 ἧς
1025 1007 1255 1060 ἐγεννήθη

497 1063 572 1120 ἰς
580 1068 603 1115 ὁ
608 1065 817 1125 λεγόμενος
823 1063 923 1133 χς·
990 1066 1135 1122 πᾶσαι
1139 1063 1208 1121 οὖν
1216 1072 1262 1120 αἱ

499 1131 643 1190 γενεαὶ
654 1125 722 1180 ἀπὸ
721 1133 918 1184 ἁβραάμ
920 1132 996 1180 ἕως
994 1125 1109 1184 δαδ,
1113 1126 1268 1187 γενεαὶ

502 1190 833 1246 δεκατέσσαρες·
854 1190 926 1239 καὶ
926 1189 1006 1235 ἀπὸ
1011 1184 1095 1242 δαδ
1102 1187 1186 1240 ἕως
1193 1191 1258 1238 τῆς

509 1250 783 1306 μετοικεσίας
794 1253 1048 1309 βαβϋλῶνος,
1052 1251 1195 1308 γενεαί
1204 1243 1291 1305 δεκα

504 1321 761 1377 τέσσαρες·
782 1320 814 1374 <+>
817 1318 898 1370 ἀπὸ
902 1319 971 1373 τῆς
973 1314 1266 1372 μετοικεσίας

505 1379 778 1447 βαβϋλῶνος
780 1378 863 1433 ἕως
865 1375 907 1433 τοῦ
909 1379 963 1449 χῦ,
970 1382 1093 1441 γενεαὶ
1096 1369 1338 1437 δεκατέσσαρες·
