1726 1988
543 245 637 314 ὑπὸ
640 224 732 311 τῶν
740 236 943 310 κυμάτων·
951 258 1072 311 αὐτὸς
1076 257 1131 310 δε
1132 259 1333 318 ἐκάθευδε·

530 314 610 392 <+>
609 314 940 379 προσελθόντες
988 322 1186 376 μαθηταὶ,
950 322 985 372 οἱ
1192 323 1348 379 ἤγειραν

553 398 709 438 αὐτόν·
715 385 921 439 λέγοντες,
934 385 1016 431 κε·
1179 392 1325 435 ἡμᾶς·
1022 386 1165 439 σῶσον

543 448 862 500 ἀπολλύμεθα·
891 448 959 495 καὶ
1265 439 1356 499 τΐ
1097 449 1266 500 αὐτοῖς·
967 444 1081 504 λέγει

533 503 692 557 δειλοὶ
698 505 786 556 ἐστὲ
789 502 1091 567 ὀλϊγόπϊστοι·
1095 502 1199 562 τότε
1204 498 1355 574 ἐγερθείς,

834 575 927 636 τοῖς
548 567 820 638 ἐπετίμησε
934 582 1124 635 ἀνέμοις
1139 581 1219 632 καὶ
1230 580 1321 634 τῆ

539 641 792 692 θαλάσση·
801 639 877 692 καὶ
878 635 1043 695 ἐγένετο
1047 638 1203 701 γαλήνη
1215 642 1375 705 μεγάλη·

536 696 587 761 οἱ
592 693 659 749 δὲ
1074 704 1309 766 λέγοντες,
668 695 784 760 ἀνοι,
785 700 1062 760 ἐθαύμασαν·

548 763 755 826 ποταπός
764 762 865 825 ἐστϊν
871 760 1024 823 οὗτος·
1151 766 1190 830 οἱ
1196 767 1344 828 ἄνεμοι.
1032 771 1114 826 ὅτϊ
1111 768 1147 824 <+>

534 826 591 893 <+>
595 825 635 887 ἡ
640 827 855 888 θάλασσα,
858 829 1162 889 ὑπακούουσιν
1163 831 1322 887 αὐτῶ·

560 890 752 947 ἐλθόντϊ
474 890 555 954 <+>
871 891 928 951 εἰς
750 888 864 937 αὐτῶ
936 897 996 952 το
1006 901 1171 947 πέραν·
1178 892 1245 944 εἰς
1245 888 1322 946 τὴν

784 953 1088 1014 γεργεσηνῶν,
535 962 701 1014 χώραν
1095 955 1340 1013 ὑπήντησαν
707 955 785 1011 τῶν

538 1014 666 1073 αὐτῶ
667 1015 756 1065 δύο
1255 1013 1331 1070 τῶν
1201 1013 1252 1069 ἐκ
758 1013 1194 1080 δαιμονϊζόμενοι.

520 1080 792 1138 μνημείων
1143 1079 1336 1137 χαλεποὶ
795 1079 1140 1141 ἐξερχόμενοι·

679 1140 811 1195 ὥστε
538 1146 660 1193 λΐαν·
823 1140 892 1189 μὴ
1046 1144 1138 1198 τινὰ
1140 1143 1363 1204 παρελθεῖν
889 1145 1043 1200 ἰσχύειν

542 1200 648 1256 δϊὰ
654 1207 728 1254 τῆς
734 1198 832 1255 ὁδοῦ
835 1207 1045 1264 ἐκείνης·
1151 1207 1242 1265 ἰδοὺ
1071 1207 1144 1265 καὶ
1246 1207 1337 1264 ἔ

1233 1270 1312 1326 ἰῦ
1169 1266 1241 1335 σοὶ
1129 1267 1160 1332 <+>
1029 1268 1127 1335 ἡμῖν
973 1277 1029 1333 τί
766 1264 968 1326 λέγοντες,
517 1264 755 1319 κραξαν·

604 1328 676 1391 τοῦ
675 1337 750 1390 θῦ·
755 1327 878 1392 ἦλθες
886 1329 984 1389 ὧδε.
1004 1342 1311 1389 προκαιροῦ
516 1328 606 1395 υἱὲ

1093 1400 1307 1474 μακρὰν
1031 1392 1086 1466 δὲ
982 1393 1032 1474 ἦν
797 1399 962 1468 ἡμᾶς·
552 1405 795 1453 βασανίσαι

757 1524 1147 1609 δαιμονιζομένων:
677 1521 744 1603 τῶν
564 1504 664 1604 πε[30]
442 1504 542 1604 ιβ:
