1709 1988
1149 270 1343 334 αὐτούς·
839 237 1145 345 ἐπϊγνώσεσθε
687 271 837 342 αὐτῶν.
523 204 686 342 καρπῶν

541 344 618 395 μή
621 346 669 388 τϊ
671 350 924 398 συλλέγουσϊν
926 344 1025 392 ἀπὸ
1226 336 1331 396 σταφϋ
1026 345 1219 396 ἀκανθῶν

529 404 655 464 λήν;
662 399 710 459 ἢ
714 403 813 455 ἀπὸ
818 402 1025 459 τρϊβόλων
1187 400 1333 456 οὕτως
1025 399 1179 457 σύκα;

535 468 623 522 πᾶν
621 467 824 525 δένδρον
827 466 981 524 ἀγαθόν.
1200 464 1339 517 καλοὺς
988 466 1191 519 καρποὺς

540 533 695 587 ποιεῖ·
713 534 761 576 τὸ
766 526 824 578 δὲ
831 531 1016 585 σαπρὸν
1220 521 1361 586 καρποὺς
1014 527 1220 583 δένδρον,

540 594 760 650 πονηροὺς
772 591 941 650 ποιεῖ·
966 590 1014 649 οὐ
1016 582 1194 650 δύναται
1198 587 1351 654 δένδρον

530 652 689 713 ἀγαθὸν,
697 664 889 721 καρποὺς
1109 657 1312 715 ποιεῖν·
893 653 1106 715 πονηροὺς

528 711 648 782 οὐδὲ
651 718 839 777 δένδρον
848 721 1025 772 σαπρὸν,
1221 717 1331 770 καλοὺς
1025 715 1220 770 καρποὺς

787 779 871 843 πᾶν
537 781 735 838 ποιεῖν·
877 776 958 837 οὖν
961 779 1143 838 δένδρον
1149 778 1209 834 μὴ
1213 779 1323 834 ποιοῦν

710 845 859 900 καλὸν,
532 844 707 908 καρπὸν
866 840 1126 899 ἐκκόπτεται·
1136 835 1166 899 <+>
1229 834 1316 900 πῧρ
1170 836 1226 899 εἰς

543 910 805 960 βάλλεται·
1060 901 1138 960 τῶν
1146 903 1334 963 καρπῶν
832 905 965 966 ἄραγε
968 900 1055 963 ἀπὸ

692 963 996 1030 ἐπϊγνώσεσθε
1005 962 1199 1015 αὐτούς·
530 966 687 1022 αὐτῶν,
1249 962 1315 1020 οὐ

487 1025 590 1092 Πᾶς
594 1026 628 1091 ὁ
633 1030 736 1084 λέγων
742 1037 813 1079 μοι
818 1030 877 1089 κε·
1216 1025 1276 1086 εἰς
877 1026 946 1086 κε,
951 1028 1211 1082 εἰσελεύσεται
1280 1022 1332 1084 τὴν

1076 1085 1140 1147 ἀλλ᾽
541 1092 779 1149 βασιλείαν
1146 1089 1163 1141 ὁ
1174 1088 1307 1148 ποιῶν
879 1091 1048 1137 οὐνῶν·
784 1088 873 1145 τῶν

1105 1152 1155 1205 ἐν
1156 1154 1332 1202 οὐνοῖς·
1028 1150 1100 1204 τοῦ
940 1148 1032 1206 μου
820 1151 943 1221 πρς
756 1150 826 1208 τοῦ
580 1150 756 1215 θέλημα
518 1151 588 1214 τὸ

1215 1208 1342 1277 ἡμέρα,
1159 1206 1220 1269 τῆ
1006 1208 1158 1269 ἐκείνη
937 1210 1002 1270 ἐν
855 1226 929 1282 μοι
700 1219 854 1275 ἐροῦσί
520 1211 694 1276 πολλοὶ

1088 1273 1342 1327 προεφητεύ
895 1276 1089 1328 ὀνόματι
821 1279 896 1329 σῶ
760 1273 814 1325 τῶ
704 1278 765 1339 οὐ
540 1284 610 1334 κε·
614 1276 703 1330 κε·

1155 1329 1345 1399 δαιμόνϊα
975 1324 1155 1400 ὀνόματι,
904 1330 974 1395 σῶ
846 1328 900 1388 τῶ
753 1333 851 1402 καὶ
531 1342 752 1407 σαμεν;

1077 1404 1337 1471 ὀνόματϊ,
1006 1408 1080 1457 σῶ
946 1400 1000 1452 τῶ
891 1397 947 1462 <++>
535 1408 884 1473 ἐξεβάλλομεν;
