1726 1988
746 284 883 347 ὑμῶν
554 291 596 340 ἡ
600 292 743 356 εἰρήνη
888 255 995 351 πρὸς
994 289 1113 351 ὑμᾶς
1126 256 1363 346 ἐπϊστραφήτω·

535 351 587 417 <+>
594 355 648 414 ὃς
653 357 733 404 ἐὰν
744 358 797 407 μὴ
1003 351 1153 404 ὑμᾶς.
796 349 993 403 δέξηται
1154 352 1310 402 μὴδὲ

537 417 731 467 ἀκούση
839 419 998 472 λόγους
733 412 835 468 τοὺς
1000 409 1136 469 ὑμῶν,
1137 411 1351 465 ἐξερχό

533 467 682 532 μενοι
685 478 744 540 τῆς
743 477 900 533 οἰκίας
902 475 946 533 ἢ
1016 478 1204 536 πόλεως
943 483 1008 538 τῆς
1203 476 1349 536 ἐκείν[31],

545 545 841 601 ἐκτινάξατε
1145 538 1222 589 τῶν
851 542 919 598 τὸν
921 543 1151 596 κονϊορτὸν
1221 541 1348 601 ποδῶν

549 607 701 653 ὑμῶν·
838 604 943 663 λέγω
707 601 837 656 ἀμὴν
1050 605 1332 662 ἀνεκτότερον
941 595 1049 665 ὑμῖν,

548 670 647 724 ἔσται
648 669 712 730 γῆ
719 667 901 720 σοδόμων
907 664 986 719 καὶ
992 671 1201 726 γομόρρων
1204 665 1255 722 ἐν
1257 664 1355 716 ἡμέρα

823 725 874 789 τῆ
879 732 1004 789 πόλει
1010 727 1189 785 ἐκείνη·
1241 723 1317 783 ἰδοὺ
545 728 782 785 κρίσεως,
781 728 823 784 ἢ
1329 727 1384 790 ἐγὼ

485 792 750 858 Ἀποστέλλω
754 795 881 850 ὑμᾶς,
949 792 1169 851 πρόβατα
882 792 952 848 ὡς
1168 793 1221 859 ἐν
1218 795 1351 853 μέσω

532 859 757 913 λΰκων·
757 861 952 920 γίνεσθε
951 855 1020 912 οὖν
1029 858 1250 913 φρόνϊμοι,
1249 858 1348 906 ὡς

545 926 601 979 οἱ
603 919 728 969 ὄφεις·
753 923 831 969 καὶ
830 920 1038 966 ἀκέραιοι
1046 920 1111 969 ὡς
1112 921 1157 983 αἱ
1160 906 1376 986 περϊστεραί·

843 977 956 1034 ἀπὸ
962 977 1049 1043 τῶν
1048 983 1201 1033 ἀνων·
1228 988 1337 1035 παρα
550 977 761 1038 προσέχετε
769 976 838 1030 δὲ

738 1042 834 1096 γὰρ
544 1039 736 1092 δώσουσϊ
1046 1040 1267 1096 σϋνέδρϊα·
834 1040 969 1094 ὑμᾶς,
965 1038 1035 1100 εἰς
1277 1044 1336 1093 <+>

546 1107 613 1154 ἐν
615 1110 703 1150 ταῖς
979 1104 1128 1164 αὐτῶν,
712 1102 967 1167 σϋναγωγαῖς
1132 1104 1325 1158 μαστϊγώ

550 1171 697 1226 σουσϊν
695 1168 875 1223 ὑμᾶς·
895 1171 971 1221 καὶ
1054 1169 1288 1215 ἡγεμόνας
975 1164 1055 1221 ἐπὶ
1292 1163 1346 1220 δὲ

550 1234 597 1287 <+>
603 1231 804 1290 βασιλεῖς,
804 1230 1027 1292 ἀχθήσεσθε
1038 1232 1205 1290 ἕνεκεν
1211 1235 1318 1289 ἐμοῦ.

549 1291 618 1359 εἰς
621 1298 841 1351 μαρτύριον
843 1300 1013 1348 αὐτοῖς·
1015 1298 1092 1349 καὶ
1090 1297 1186 1352 τοῖς
1189 1295 1349 1350 ἔθνεσ[3],

483 1359 640 1406 Ὅταν
641 1356 715 1412 δὲ
716 1352 1042 1404 παραδιδῶσϊν
1041 1356 1180 1408 ὑμᾶς,
1241 1359 1353 1410 μερϊ
1181 1355 1242 1409 μὴ

555 1412 739 1467 μνήσητε
742 1423 845 1465 πῶς
856 1414 897 1473 ἢ
1194 1416 1342 1487 δοθή
950 1412 1191 1476 λαλήσετε·
894 1423 949 1475 τί
