1680 1995
494 253 619 324 ἰδοὺ
628 236 764 328 φωνὴ
767 268 832 320 ἐκ
842 237 942 329 τῶν
952 279 1132 329 οὐνῶν·
1133 284 1284 329 λέγουσα,

488 331 634 395 οὗτος
641 331 742 395 ἐστϊν
752 342 775 377 ὁ
781 340 863 382 υἱός
880 331 961 385 μου
971 350 992 384 ὁ
1002 331 1250 395 ἀγαπητός

508 411 569 454 ἐν
582 394 644 452 ᾧ
653 394 896 443 εὐδόκησα·
942 394 1059 450 τότε
1076 414 1095 449 ὁ
1107 401 1142 454 ἰς
1143 394 1274 454 ἀνήχθη

460 460 564 516 Εἰς
565 460 608 500 τὴν
626 470 792 515 ἔρημον
805 464 886 518 ὑπὸ
902 460 961 510 τοῦ
962 466 1076 518 πνς
1089 460 1246 518 πειρα

510 531 657 570 σθῆναι
669 540 763 566 ὑπὸ
794 531 852 565 τοῦ
853 547 1102 584 διαβόλου·
1135 531 1233 580 καὶ

512 586 721 625 νηστεύσας
745 588 923 625 ἡμέρας
940 579 1237 634 τεσσαράκοντα·

503 659 549 699 <+>
563 643 734 690 νύκτας
747 660 1077 700 τεσσαράκοντα,
1097 643 1252 700 ὕστερον

514 721 787 754 ἐπείνασε·
813 712 878 760 καὶ
892 727 1152 760 προσελθὼν
1162 711 1256 759 αὐτῶ

506 780 517 793 ὁ
552 778 844 818 πειράζων,
856 770 1017 826 εἶπεν·
1032 769 1069 826 εἰ
1083 769 1166 820 υἱὸς
1174 771 1199 826 εἶ
1215 777 1248 826 τοῦ

476 835 595 886 θῦ,
608 841 714 887 εἰπὲ
735 847 803 877 ἵνα
818 831 862 888 οἱ
863 827 977 877 λίθοι
992 827 1098 877 οὗτοι
1111 827 1241 888 ἄρτοι

503 897 753 938 γένωνται·
790 892 816 930 ὁ
819 890 878 933 δὲ
891 892 1137 938 ἀποκρϊθεὶς
1143 890 1260 938 εἶπε·

511 945 732 1004 γέγραπται,
753 967 802 999 οὐκ
827 945 883 992 ἐπ᾽
884 940 1009 1011 ἄρτω
1010 941 1135 1011 μόνω
1146 940 1274 1011 ζήσεται

504 1015 645 1055 ἄνος·
669 1009 732 1060 ἀλλ᾽
739 1019 826 1065 ἐπὶ
831 1018 992 1063 παντὶ
1005 1022 1165 1063 ῥήματϊ
1181 1019 1259 1063 ἐκ

510 1066 820 1128 πορευομένω
821 1066 916 1121 διὰ
930 1065 1103 1124 στόματος
1115 1075 1276 1128 θῦ·

484 1152 608 1202 Τότε
621 1142 981 1202 παραλαμβάνει
989 1141 1110 1202 αὐτὸν
1118 1138 1142 1183 ὁ
1143 1130 1290 1191 διάβολος

509 1209 572 1254 εἰς
590 1214 637 1246 τὴν
648 1212 750 1254 ἁγίαν
760 1204 902 1244 πόλϊν·
915 1220 1000 1242 καὶ
1019 1204 1158 1252 ἵστησιν
1172 1204 1275 1254 αὐτόν

508 1260 584 1301 ἐπὶ
600 1281 649 1307 τὸ
659 1260 891 1315 πτερύγϊον
892 1260 957 1305 τοῦ
969 1268 1104 1305 ἱεροῦ·
1123 1266 1149 1312 <+>
1154 1270 1245 1315 λέγει

515 1319 613 1363 αὐτῶ·
630 1332 689 1366 εἰ
701 1329 783 1366 υἱὸς
791 1318 838 1366 εἶ
847 1330 923 1366 τοῦ
934 1325 1013 1366 θ<+>ῦ,
1026 1320 1124 1366 βάλε
1135 1318 1277 1366 σεαυτὀν

509 1399 656 1436 κάτω·
679 1403 884 1451 γέγραπται
897 1411 977 1451 γὰρ,
991 1390 1058 1432 ὅτι
1072 1396 1144 1437 τοῖς
1154 1386 1288 1437 ἀγγέλοις
