1627 1988
370 158 497 243 ιδ:
522 146 598 244 πε[30]
611 158 655 239 τοῦ
658 159 873 242 ματθαίου:

377 258 417 348 Ὁ
420 283 478 343 ἰς
489 286 655 342 ἐκεῖθεν,
661 261 779 341 εἶδεν
780 278 891 335 ἄνον
899 270 1133 337 καθήμενον
1132 258 1220 328 ἐπῒ

422 350 481 409 τὸ
484 351 706 402 τελώνϊον.
712 346 908 399 ματθαῖον
914 342 1165 392 λεγόμενον·

408 412 461 473 <+>
463 409 575 464 λέγει
581 403 705 455 αὐτῶ.
707 402 934 452 ἀκολούθει
1038 401 1083 459 <+>
1083 391 1225 453 ἀναστὰς,
940 397 1033 447 μοι·

419 474 739 520 ἠκολούθησεν
750 465 912 512 αὐτῶ·
965 457 1103 512 ἐγένετο
920 458 957 511 <+>
1109 454 1204 506 αὐτοῦ

416 526 735 576 ἀνακειμένου
743 526 794 577 ἐν
796 529 856 573 τῆ
860 524 1007 570 οἰκία,
1013 517 1085 568 καὶ
1091 512 1184 565 ἰδοὺ

422 597 593 653 πολλοὶ
592 591 768 644 τελῶναι
775 586 858 635 καὶ
861 575 1101 629 ἁμαρτωλοὶ
1108 572 1211 632 ἐλθόν

430 658 535 711 τες,
537 650 847 703 σϋνανέκειντο
849 637 908 692 τῶ
913 636 962 693 ἰῦ
973 641 1035 687 καὶ
1043 639 1135 689 τοῖς
1134 641 1203 691 μα

424 711 581 771 θηταῖς
588 709 755 759 αὐτοῦ·
778 705 851 756 καὶ
860 696 1022 759 ἰδόντες
1032 702 1066 752 οἱ
1075 695 1179 752 φαρϊ-

429 769 571 830 σαῖοι,
571 761 681 825 εἶπον
679 764 763 823 τοῖς
770 765 993 819 μαθηταῖς
1000 762 1171 803 αὐτοῦ·

413 830 576 881 διατΐ
581 835 698 890 μετὰ
698 829 782 882 τῶν
789 825 975 877 τελωνῶν
983 823 1016 874 <+>
1024 812 1233 873 ἁμαρτωλῶν

425 894 558 950 ἐσθίει
565 894 632 952 καὶ
639 893 771 951 πίνει
771 892 798 943 ὁ
798 882 1094 939 διδάσκαλος
1093 881 1223 937 ὑμῶν·

427 953 463 1007 ὁ
461 949 527 1003 δὲ
527 957 582 1008 ἰς
593 957 810 1001 ἀκούσας,
815 945 953 1000 εἶπεν
953 944 1124 994 αὐτοῖς·
1138 941 1199 999 οὐ

430 1021 601 1069 χρείαν
604 1013 757 1071 ἔχουσϊν
761 1012 799 1068 οἱ
810 1004 1023 1066 ἰσχύοντες,
1025 1001 1184 1057 ἰατροῦ·

430 1075 523 1132 ἀλλ᾽
523 1076 566 1130 οἱ
571 1074 718 1125 κακῶς
725 1071 929 1126 ἔχοντες·
941 1060 1210 1125 πορευθέντες

428 1136 497 1188 δὲ
509 1131 654 1189 μάθετε,
662 1128 704 1183 τί
713 1138 810 1183 ἐστιν
813 1128 929 1179 ἔλεον
929 1123 1057 1182 θέλω,
1063 1123 1134 1172 καὶ
1137 1123 1190 1176 οὐ

432 1194 626 1252 θϋσίαν·
641 1195 689 1249 οὐ
695 1192 773 1254 γὰρ
777 1187 904 1243 ἦλθον
908 1185 1083 1237 καλέσαι
1082 1175 1230 1229 δικαίους·

439 1260 569 1315 ἀλλὰ
572 1257 843 1312 ἁμαρτωλοὺς
856 1248 910 1310 εἰς
914 1250 1167 1306 μετάνοιαν·

388 1320 550 1368 Τότε
557 1313 888 1371 προσέρχονται
891 1312 994 1365 αὐτῶ
1003 1312 1042 1354 οἱ
1048 1304 1223 1362 μαθηταὶ

450 1390 659 1446 Ἰωάννου·
664 1378 885 1448 λέγοντες,
886 1367 1019 1429 δϊατί
1025 1364 1153 1425 ἡμεῖς
1161 1362 1221 1446 <+>
