1757 1990
464 264 772 337 ἀμφίβληστρον
772 290 838 337 εἰς
843 254 910 347 τὴν
914 279 1208 354 θάλασσαν·

458 338 575 407 ἦσαν
579 349 668 416 γὰρ
672 350 858 410 ἁλϊεῖς·
876 359 956 401 καὶ
956 360 1066 416 λέγει
1070 357 1244 411 αὐτοῖς·

393 408 573 463 Δεῦτε
582 415 759 462 ὀπίσω
765 431 874 459 μου·
878 420 956 460 καὶ
968 418 1219 469 ποιήσω

462 473 599 519 ὑμᾶς
604 472 758 522 ἁλϊεῖς
756 468 930 523 ἀνων·
952 476 998 526 οἱ
999 469 1062 527 δὲ
1072 475 1241 530 εὐθέως

459 522 659 590 ἀφέντες
662 532 731 585 τὰ
739 529 943 587 δίκτυα,
950 535 1266 592 ἠκολούθησαν

457 596 622 646 αὐτῶ·
665 597 741 648 καὶ
749 596 938 651 προβὰς
946 600 1138 660 ἐκεῖθεν,
1141 596 1292 664 εἶδεν

460 652 632 708 ἄλλους
631 650 734 712 δύο
733 659 1004 711 ἀδελφούς·
1014 663 1243 721 ἰάκωβον

467 723 538 781 τὸν
538 722 623 772 τοῦ
623 718 891 778 ζεβεδαίου·
910 723 986 776 καὶ
994 723 1234 776 ἰωάννην

465 787 550 847 τὸν
557 782 778 843 ἀδελφὸν
783 782 942 841 αὐτοῦ.
950 783 1010 843 ἐν
1010 782 1078 838 τῶν
1082 787 1275 838 πλοίω.

471 845 598 899 μετὰ
602 846 858 903 ζεβεδαίου
859 846 939 903 τοῦ
945 847 1059 903 πρς
1071 843 1245 901 αὐτῶν.

461 910 917 964 καταρτίζοντας
919 911 982 959 τὰ
982 908 1151 959 δίκτυα
1154 904 1282 961 αὐτῶν·

444 970 511 1042 <+>
515 971 749 1037 ἐκάλεσεν
752 969 974 1030 αὐτούς·
1000 968 1036 1029 οἱ
1044 964 1099 1027 δὲ
1113 972 1283 1026 εὐθέως

448 1041 683 1086 ἀφέντες
691 1051 744 1086 τὸ
750 1036 933 1082 πλοῖον
940 1034 1025 1082 καὶ
1028 1030 1114 1086 τὸν
1116 1030 1258 1087 πρα

459 1087 632 1143 αὐτῶν,
642 1089 978 1145 ἠκολούθησαν
980 1090 1148 1145 αὐτῶ·
1177 1099 1236 1151 <+>

410 1150 681 1206 Περϊῆγεν
690 1149 802 1208 ὅλην
807 1155 894 1208 τὴν
900 1156 1164 1206 γαλϊλαίαν
1170 1161 1194 1204 ὁ
1204 1149 1279 1209 ἰς.

470 1210 736 1268 δϊδάσκων
742 1215 806 1269 ἐν
815 1217 919 1266 ταῖς
925 1210 1237 1262 συναγωγαῖς

463 1277 650 1325 αὐτῶν·
670 1276 753 1328 καὶ
764 1278 1007 1333 κηρΰσσων
1020 1282 1071 1336 τὸ
1077 1273 1284 1336 εὐαγγέλϊον

438 1337 530 1398 τῆς
542 1341 837 1402 βασϊλείας·
857 1344 900 1407 <+>
901 1349 1247 1403 θεραπεύων

456 1404 645 1468 πᾶσαν
645 1409 799 1475 νόσον
805 1406 854 1484 <++>
861 1409 1034 1466 πᾶσαν
1034 1405 1279 1469 μαλακΐαν
