1722 1995
376 157 433 201 Γ:
462 149 598 207 πρῶτος
602 138 726 210 ἰωάνν[31]
729 152 879 223 ἐκήρυξε
885 160 1074 215 βασιλείαν
1077 158 1225 214 oὐνῶν:

462 256 605 319 ῥηθὲν
602 248 704 318 διὰ
706 261 791 316 τῶν
792 265 1107 320 προφητῶν·
1118 267 1223 320 ὅτι

458 329 770 384 ναζωραῖος
776 331 1071 384 κληθήσεται·
1123 333 1186 385 ἐν
1192 332 1246 384 δὲ

403 393 538 440 ταῖς
548 393 765 442 ἡμέραις
772 390 974 445 ἐκείναις,
976 390 1258 446 παραγίνεται

293 467 341 498 Γ
459 461 667 507 ἰωάννης
676 458 699 507 ὁ
702 461 927 511 βαπτιστὴς,
935 464 1159 509 κηρύσσων
1167 465 1202 509 ἐν
1206 466 1251 509 τῆ

464 519 629 575 ἐρήμω
632 516 698 575 τῆς
703 517 925 574 ἰουδαίας·
939 524 1006 571 καἰ
1005 521 1151 577 λέγων,
1151 518 1247 576 μετὰ

463 586 664 643 νοεῖτε·
679 588 813 642 ἤγγικε
827 587 906 644 γὰρ
915 587 948 640 ἡ
958 582 1179 643 βασιλεία
1184 585 1250 639 τῶν

460 646 653 705 οὐνῶν·
669 650 805 699 οὗτος
802 649 884 706 γάρ
891 652 1000 706 ἐστϊν
1009 652 1042 700 ὁ
1043 650 1176 710 ῥηθεὶς
1176 648 1247 704 ὑπὸ

467 707 634 769 Ἡσαΐου
636 707 702 766 τοῦ
713 711 970 773 προφήτου·
974 715 1179 780 λέγοντος,
1179 712 1261 772 φω

454 777 531 841 νὴ
537 772 729 833 βοῶντος
736 778 797 831 ἐν
803 783 850 833 τῆ
855 776 1022 833 ἐρήμω·
1031 777 1271 829 ἑτοιμάσατε

458 846 537 896 τὴν
539 840 642 895 ὁδὸν
655 839 737 885 κυ·
746 840 906 892 εὐθείας
915 835 1110 891 ποιεῖτε
1122 839 1200 890 τὰς
1200 833 1253 892 τρί

464 909 573 950 βους
585 902 759 946 αὐτοῦ·
786 901 905 947 αὐτὸς
906 896 969 947 δε
985 902 1011 946 ὁ
1023 901 1251 958 ἰωάννης,

442 960 567 1039 εἶχε
575 965 629 1010 τὸ
637 958 809 1021 ἔνδϋμα
815 964 954 1019 αὐτοῦ,
964 965 1084 1010 ἀπὸ
1085 960 1248 1019 τριχῶν

462 1042 676 1085 καμήλου·
693 1032 764 1073 καὶ
774 1028 917 1081 ζώνην
918 1028 1236 1085 δερματίνην

446 1087 551 1139 περὶ
554 1096 636 1142 τὴν
645 1091 803 1142 ὀσφὺν
810 1090 968 1137 αὐτοῦ·
996 1090 1020 1139 ἡ
1021 1085 1087 1141 δὲ
1097 1086 1264 1142 τροφὴ

460 1153 621 1205 αὐτοῦ,
630 1146 685 1205 ἦν
693 1147 905 1204 ἀκρίδες·
919 1156 983 1199 καὶ
995 1158 1099 1206 μέλϊ
1109 1152 1268 1206 ἄγριον·

445 1213 546 1272 τότε
556 1211 841 1273 ἐξεπορεύετο
857 1214 975 1271 πρὸς
981 1215 1116 1273 αὐτόν,
1122 1211 1261 1270 ἱεροσό

440 1279 611 1336 λυμα·
623 1282 694 1325 καὶ
699 1279 852 1325 πᾶσα
863 1288 899 1328 ἡ
915 1279 1108 1327 ἰουδαία·
1127 1280 1226 1333 καὶ

453 1346 605 1388 πᾶσα
617 1347 649 1389 ἡ
657 1341 889 1397 περίχωρος
891 1337 964 1388 τοῦ
976 1337 1223 1399 ἰορδάνου·

451 1398 486 1469 <++>
499 1401 794 1459 ἐβαπτίζοντο
810 1401 853 1463 ἐν
861 1409 918 1450 τῶ
930 1401 1105 1470 ἰορδάνη
1113 1406 1178 1450 ὑπ᾽
1179 1401 1282 1458 αὐτοῦ.
