1679 1995
467 269 878 342 ἐξομολογούμενοι
882 262 957 339 τὰς
970 258 1218 343 ἁμαρτίας

469 355 649 413 αὐτῶν·
666 355 789 410 ἰδών
797 356 846 402 δε
863 352 1053 413 πολλοὺς
1059 355 1139 409 τῶν
1145 358 1245 409 φαρι

472 421 607 476 σαίων
619 420 682 470 καὶ
694 418 977 473 σαδδουκαίων
984 416 1240 472 ἐρχομένους

461 483 549 534 ἐπὶ
553 488 604 527 τὸ
614 482 841 525 βάπτϊσμα
851 478 990 529 αὐτοῦ,
989 475 1129 525 εἶπεν
1136 474 1253 517 αὐτοῖς·

422 541 717 594 Γεννήματα
715 538 907 599 ἐχιδνῶν·
911 540 987 584 τίς
993 529 1233 588 ὑπέδειξεν

457 606 579 661 ὑμῖν
578 607 748 656 φυγεῖν
755 602 856 649 ἀπὸ
866 603 936 651 τῆς
945 594 1226 648 μελλούσης

465 664 635 719 ὀργῆς·
652 658 876 712 ποιήσατε
882 656 965 705 οὖν
971 659 1143 707 καρπὸν
1152 651 1248 709 ἄξιον

471 730 552 772 τῆς
562 722 812 774 μετανοίας·
826 722 894 764 καὶ
911 720 980 764 μὴ
984 710 1125 766 δόξητε
1128 717 1250 767 λέγειν

459 781 526 839 ἐν
532 784 717 833 ἑαυτοῖς,
718 775 820 830 πρα
831 775 964 834 ἔχομεν
968 777 1045 827 τὸν
1048 774 1253 832 ἁβραάμ·

451 847 586 906 λέγω
589 843 672 906 γὰρ
677 842 792 898 ὑμῖν,
796 844 875 889 ὅτι
891 837 1066 886 δύναται
1075 841 1097 890 ὁ
1107 836 1167 888 θς,
1176 841 1233 894 ἐκ

465 911 555 961 τῶν
560 912 699 958 λίθων
705 908 861 959 τούτων
869 901 1022 955 ἐγεῖραι
1028 901 1158 956 τέκνα
1164 901 1227 955 τῶ

472 967 698 1021 ἁβραάμ·
719 961 799 1018 ἤδη
799 958 864 1015 δὲ
872 963 943 1015 ἡ
957 965 987 1008 ἀξίνη,
996 958 1247 1019 πρὸς

479 1026 559 1075 τὴν
566 1023 691 1077 ῥίζαν
697 1030 782 1077 τῶν
789 1021 991 1080 δένδρων
1002 1029 1150 1075 κεῖται·
1158 1024 1244 1074 πᾶν

482 1086 556 1134 οὖν
568 1081 762 1139 δένδρον
771 1085 841 1135 μὴ
850 1090 1022 1131 ποιοῦν
1035 1085 1234 1133 καρπὸν

484 1150 639 1213 καλὸν,
644 1143 872 1206 ἐκκόπτεται
877 1149 955 1208 καὶ
964 1146 1025 1212 εἰς
1027 1144 1120 1205 πῦρ
1126 1140 1303 1206 βάλλεται·

429 1213 548 1268 Ἐγὼ
558 1217 655 1267 μὲν
665 1216 850 1271 βαπτίζω
859 1211 973 1264 ὑμᾶς
984 1212 1035 1257 ἐν
1042 1211 1179 1266 ὕδατϊ
1184 1209 1269 1264 εἰς

485 1281 737 1323 μετάνοιαν·
752 1277 773 1326 ὁ
779 1271 839 1319 δὲ
847 1272 1000 1317 ὀπίσω
1010 1293 1081 1314 μου
1093 1270 1274 1322 ἐρχόμενος,

491 1332 738 1390 ἰσχυρότερός
744 1351 831 1386 μου
842 1337 955 1390 ἐστίν·
962 1324 1001 1385 οὗ
1007 1334 1079 1388 οὐκ
1085 1331 1158 1388 εἰμὶ
1165 1328 1267 1385 ἱκανὸς,

490 1406 558 1454 τὰ
560 1403 824 1461 ὑποδήματα
829 1406 1044 1471 βαστάσαι·
1058 1401 1165 1454 αὐτὸς
1173 1399 1274 1452 ὑμᾶς
