1671 1995
461 284 529 366 <+>
535 282 772 361 καταλϊπὼν
775 264 829 357 τὴν
833 283 1075 362 ναζαρὲτ,
1088 299 1246 361 ἐλθὼν

485 367 621 414 κατώκησεν
628 364 761 419 εἰς
765 365 822 417 τὴν
835 368 1130 421 καπερναοὺμ
1134 367 1232 420 τὴν

479 424 883 481 παραθαλασσίαν·
887 426 951 479 ἐν
961 428 1101 483 ὁρίοις
1108 423 1285 485 ζαβουλών

480 480 553 530 καὶ
559 486 856 534 νεφθαλείμ·
879 487 946 534 ἵνα
955 487 1186 531 πληρωθῆ
1188 485 1240 543 τὸ

420 543 589 600 ῥηθὲν
594 541 680 593 δϊὰ
692 543 851 601 ἡσαΐου
853 544 937 591 τοῦ
940 545 1231 604 προφήτου·

460 604 690 669 λέγοντος,
699 611 761 672 γῆ
772 610 1056 667 ζαβουλών·
1066 612 1141 658 καὶ
1153 615 1224 674 γῆ

480 671 758 718 νεφθαλείμ·
768 669 866 718 ὁδὸν
877 673 1087 722 θαλάσσης
1090 673 1236 726 πέραν

478 724 527 785 τοῦ
534 721 761 780 ἰορδάνου·
773 735 989 782 γαλϊλαία
988 724 1074 783 τῶν
1079 731 1250 786 ἐθνῶν·

471 791 504 848 ὁ
506 792 624 850 λαὸς
633 790 657 838 ὁ
668 793 927 849 καθήμενος
938 797 993 849 ἐν
1006 791 1156 845 σκότει,
1169 788 1256 844 εἶδε

469 853 580 913 φῶς
588 853 721 911 μέγα·
740 853 783 914 <+>
785 854 877 907 τοῖς
877 853 1162 911 καθημένοις
1170 858 1230 909 ἐν

481 921 632 974 χώρα
643 920 716 967 καὶ
726 918 855 966 σκιᾶ
862 920 1093 968 θανάτου,
1101 913 1237 970 φῶς

473 979 719 1028 ἀνέτειλεν
722 978 927 1025 αὐτοῖς·
996 976 1098 1028 ἀπο
1106 980 1241 1032 τότε

478 1034 663 1086 ἤρξατο
668 1036 697 1082 ὁ
701 1035 749 1082 ἰς
758 1033 982 1085 κηρΰσσειν
992 1034 1065 1086 καὶ
1067 1036 1240 1088 λέγειν,

481 1092 789 1145 μετανοεῖτε·
801 1094 955 1148 ἤγγικε
964 1089 1035 1147 γὰρ
1043 1099 1066 1142 ἡ
1073 1093 1265 1143 βασιλεία

476 1151 574 1204 τῶν
584 1151 777 1208 οὐνῶν·
861 1153 1150 1208 περιπατῶν
1153 1153 1222 1204 δὲ

419 1216 570 1268 Παρὰ
574 1212 660 1268 τὴν
666 1212 898 1269 θάλασσαν
902 1217 981 1265 τῆς
989 1220 1256 1274 γαλϊλαίας,

463 1272 557 1332 εἶδε
567 1275 663 1327 δύο
668 1275 932 1328 ἀδελφούς·
944 1273 1128 1330 σίμωνα
1132 1278 1232 1332 τὸν

457 1340 728 1395 λεγόμενον
735 1341 937 1401 πέτρον·
949 1339 1030 1391 καὶ
1036 1333 1245 1399 ἀνδρέαν

478 1408 549 1467 τὸν
558 1400 777 1465 ἀδελφὸν
784 1403 942 1461 αὐτοῦ·
948 1398 1236 1470 βάλλοντας

423 1526 486 1608 Δ:
540 1512 594 1604 πε[30]
598 1512 647 1600 τ[11]
662 1530 962 1593 δϊδασκαλίας
959 1533 1035 1605 τοῦ
1038 1521 1149 1622 σρς:
