1767 1980
497 245 600 328 τϊς
606 240 662 323 σε
669 256 920 330 ῥαπίσει
923 256 1014 329 ἐπὶ
1024 240 1094 333 τὴν
1097 254 1316 336 δεξιὰν

533 335 763 393 σϊαγόνα,
775 332 952 393 στρέψον
954 339 1077 385 αὐτῶ
1082 341 1130 392 <+>
1130 345 1207 384 τὴν
1215 344 1352 392 ἄλλην·

522 392 581 458 <+>
581 398 654 448 τῶ
661 395 862 453 θέλοντί
867 410 939 455 σοι
953 402 1173 456 κρϊθῆναι·
1197 401 1265 452 καὶ
1266 398 1327 461 τὸν

526 458 740 518 χιτῶνα
747 474 824 511 σου
829 465 1010 516 λαβεῖν,
1018 459 1170 519 ἄφες
1178 465 1317 511 αὐτῶ

536 525 582 586 <+>
587 524 638 575 τὸ
650 517 875 577 ἱμάτιον·
908 521 988 567 καὶ
996 521 1136 574 ὅστις
1139 534 1205 574 σε
1214 518 1350 586 ἀγαγρεύ

526 602 614 640 σει
623 586 776 639 μίλϊον
784 581 863 638 ἕν,
863 584 1022 640 ὕπαγε
1036 587 1099 639 μετ᾽
1100 583 1232 639 αὐτοῦ,
1235 589 1348 640 δύο·

464 647 605 700 Τῷ
613 643 817 695 αἰτοῦντϊ
821 655 877 695 σε
886 640 1039 698 δίδου·
1057 652 1129 696 καὶ
1130 646 1199 701 τὸν
1206 647 1360 702 θέλοντα

527 706 645 759 ἀπὸ
650 705 738 755 σοῦ
741 698 1081 765 δανείσασθαι,
1092 711 1177 761 μὴ
1177 711 1304 759 ἀπο

539 766 804 817 στραφῆς·
828 767 1061 829 ἠκούσατε
1063 772 1147 823 ὅτι
1147 765 1334 828 ἐρρέθη,

526 829 805 883 ἀγαπήσεις
808 823 887 886 τὸν
890 832 1095 887 πλησίον
1102 846 1201 881 σου·
1203 833 1246 888 <+>
1252 836 1307 881 μϊ

554 897 713 945 σήσεις
716 886 795 944 τὸν
800 893 932 953 ἐχθρόν
939 907 1049 945 σου·
1064 893 1148 954 ἐγώ
1146 882 1192 945 δε
1196 898 1334 953 λέγω

537 953 695 1003 ὑμῖν,
707 962 906 1006 ἀγαπᾶτε
920 953 1028 1006 τοὺς
1036 957 1184 1018 ἐχθροὺς
1199 959 1339 1018 ὑμῶν·

539 1015 783 1074 εὐλογεῖτε
800 1013 910 1072 τοὺς
919 1019 1250 1079 καταρωμένους
1255 1018 1360 1076 ὑμᾶς·

549 1071 707 1137 καλῶς
710 1081 928 1131 ποεῖτε
929 1080 1020 1137 τοῖς
1028 1080 1225 1140 μϊσοῦσϊν
1227 1078 1359 1135 ὑμᾶς·

530 1141 586 1214 <+>
588 1138 924 1207 προσεύχεσθαι
934 1146 1062 1199 ὑπὲρ
1059 1141 1147 1205 τῶν
1148 1136 1385 1198 ἐπηρεα-

549 1208 752 1266 ζόντων
762 1210 901 1262 ὑμᾶς·
910 1207 986 1264 καὶ
988 1200 1231 1265 διωκόντων
1233 1198 1342 1261 ὑμᾶς·

538 1270 668 1323 ὅπως
669 1271 871 1328 γένησθε
881 1274 956 1327 υἱοὶ
956 1268 1031 1331 τοῦ
1043 1268 1137 1333 πρς
1147 1271 1318 1329 ὑμῶν

472 1324 597 1387 Τοῦ
598 1329 655 1387 ἐν
657 1333 755 1386 τοῖς
763 1328 966 1384 οὐνοῖς·
986 1333 1072 1386 ὅτϊ
1084 1334 1144 1391 τὸν
1146 1329 1317 1393 ἥλϊον

530 1394 684 1454 αὐτοῦ
684 1391 929 1478 ἀνατέλλει
937 1388 1028 1460 ἐπὶ
1037 1392 1254 1452 πονηροὺς
1270 1397 1323 1466 <+>
