1726 1988
511 240 617 318 ἰδὼν
626 251 659 316 ὁ
662 231 716 318 ἰς
820 262 959 316 πίστϊν
719 250 812 331 τὴν
974 258 1112 324 αὐτῶν
1115 243 1157 332 εἶπε
1166 220 1290 330 τῶ

526 330 859 387 παραλυτϊκῶ·
884 330 1046 384 θάρσει
1210 332 1309 386 ἀφέ
1047 335 1205 383 τέκνον·

745 396 792 443 αἱ
662 405 730 446 σοι
509 392 654 445 ωνταί
797 393 993 445 ἁμαρτίαι
999 389 1088 449 σου·
1096 393 1183 444 καὶ
1188 388 1284 448 ἰδοὺ

448 452 613 510 Τϊνὲς
620 455 712 513 τῶν
1135 453 1194 514 ἐν
1021 450 1131 515 εἶπον
1199 448 1333 511 ἑαυτοῖς·
717 453 1020 515 γραμματέων,

512 514 623 579 οὗτος
633 516 908 577 βλασφημεῖ·
941 521 1007 573 καὶ
1149 524 1176 574 ὁ
1014 520 1138 573 εἰδὼς
1182 516 1231 571 ἰς
1233 514 1309 571 τὰς

518 584 794 649 ἐνθυμήσεις
802 579 960 644 αὐτῶν,
961 579 1133 643 εἶπον·
1142 579 1318 643 ἱνατί

512 651 655 710 ὑμεῖς
660 651 934 713 ἐνθυμεῖσθαι
1133 646 1194 706 ἐν
946 650 1129 702 πονηρὰ
1198 646 1306 698 ταῖς

521 712 718 768 καρδίαις
950 711 1016 773 γάρ
1022 710 1120 769 ἐστϊν
1123 705 1298 767 εὐκοπώ
882 714 950 766 τΐ
717 712 878 769 ὑμῶν·

669 779 827 841 εἰπεῖν,
1066 785 1136 824 σοι
1144 777 1190 823 αἱ
508 775 660 833 τερον·
841 775 1061 832 ἀφέωνταί
1191 777 1312 830 ἁμαρ

632 840 681 894 ἢ
512 844 631 896 τίαι,
1021 840 1048 896 <+>
855 835 1013 901 ἔγειραι
681 839 848 898 εἰπεῖν,
1056 830 1304 903 περϊπάτει·

516 902 593 961 ἵνα
1155 904 1241 965 ἔχει
593 898 661 954 δὲ
672 900 832 956 εἰδῆτε
842 903 925 960 ὅτϊ
932 906 1150 962 ἐξουσίαν
1243 904 1290 962 ὁ

499 963 596 1022 υἱὸς
594 960 670 1016 τοῦ
788 962 866 1018 ἐπὶ
674 960 780 1022 ἀνου
873 965 947 1008 τῆς
953 965 1058 1022 γῆς
1255 960 1294 1012 ἁ
1060 963 1256 1022 ἀφϊέναι

1031 1019 1306 1079 παραλυτϊκῶ·
497 1020 723 1080 μαρτίας,
961 1029 1026 1079 τῶ
724 1029 848 1074 τότε
851 1024 955 1079 λέγει

926 1088 1005 1141 τὴν
1014 1092 1177 1144 κλίνην·
1186 1087 1298 1149 καὶ
518 1082 726 1154 ἐγερθεὶς,
842 1097 923 1144 σου
730 1081 833 1150 ᾆρον

514 1155 663 1215 ὕπαγε
814 1151 934 1209 οἶκον
667 1156 727 1211 εἰς
736 1157 812 1208 τὸν
935 1159 1051 1205 σου·
1104 1157 1311 1212 ἐγερθεὶς,
1050 1151 1095 1204 <+>

1173 1208 1298 1269 ἰδόν
1006 1213 1171 1271 αὐτοῦ·
879 1208 1000 1282 οἶκον
792 1218 875 1279 τὸν
727 1223 779 1273 εἰς
466 1224 729 1282 ἀπῆλθεν

1219 1271 1299 1338 ἐδό
1135 1275 1224 1333 καὶ
842 1282 1136 1340 ἐθαύμασαν·
712 1282 842 1338 ὄχλοι,
666 1287 716 1334 οἱ
603 1283 665 1333 δὲ
495 1282 596 1345 τες

1068 1339 1297 1400 ἐξουσίαν
922 1333 1067 1402 δόντα
859 1351 928 1398 τὸν
759 1335 858 1398 θν·
686 1342 764 1405 τὸν
513 1348 682 1402 ξασαν

1086 1404 1293 1476 παράγων
1024 1413 1089 1460 <++>
837 1406 1020 1456 ἀνοις·
740 1408 834 1464 τοῖς
520 1417 738 1471 τοιαύτην
