1627 1988
408 157 498 239 ιε:
507 161 562 239 πε[30]
569 164 611 239 τ[11]
617 157 767 242 θϋγατρὸ[14]
771 154 821 239 τοῦ
819 158 1141 258 ἀρχϊσϋναγώγου:

397 281 696 351 Προσεκΰνει
704 256 807 343 αὐτῶ·
807 286 947 349 λέγων,
953 282 1029 350 ὅτϊ
1033 288 1064 349 ἡ
1070 284 1212 347 θϋγάτηρ

445 361 529 406 μου
529 355 618 408 ἄρτι
621 356 917 406 ἐτελεύτησεν·
932 352 1040 404 ἀλλὰ
1046 352 1204 412 ἐλθὼν,

446 414 621 467 ἐπίθες
622 408 686 467 τὴν
693 419 818 465 χεῖρα
824 424 896 466 σου
902 409 962 465 ἐπ᾽
961 413 1103 472 αὐτὴν·
1108 415 1190 466 καὶ

445 477 676 519 ζήσεται·
697 472 765 522 καὶ
766 471 935 523 ἐγερθεὶς
943 475 969 516 ὁ
964 474 1035 519 ἰς,
1041 475 1196 530 ἠκολού

446 529 578 589 θησεν
582 535 705 584 αὐτῶ·
711 531 779 583 καὶ
784 538 832 581 οἱ
836 532 993 583 μαθηταὶ
993 532 1148 580 αὐτοῦ·
1165 530 1195 588 <+>

433 590 531 659 ἰδοὺ
540 595 654 661 γϋνὴ
662 593 938 653 αἱμορροοῦσα
943 584 1122 651 δώδεκα
1121 590 1227 658 ἔτη,

428 657 768 712 προσελθοῦσα
768 659 976 713 ὄπϊσθεν,
984 658 1121 711 ἥψατο
1123 662 1203 716 τοῦ

439 717 707 778 κρασπέδου
708 710 784 769 τοῦ
782 716 968 772 ἱματίου
976 717 1134 768 αὐτοῦ·
1146 716 1205 762 ἔ

441 789 549 836 λεγε
557 783 633 841 γὰρ
640 782 687 842 ἐν
695 785 842 834 ἑαυτῆ.
853 785 928 841 ἐὰν
938 779 1065 840 μόνον
1072 776 1223 837 ἅψωμαι

444 840 492 897 τοῦ
498 844 662 892 ἱματίου
669 849 797 891 αὐτοῦ,
798 850 1076 888 σωθήσομαι·
1099 847 1138 891 ὁ
1143 835 1212 890 δὲ

433 897 511 955 ἰς
512 902 793 958 ἐπιστραφεὶς
800 897 875 948 καὶ
884 892 985 954 ἰδὼν
983 900 1118 959 αὐτήν,
1115 896 1219 953 εἶπε·

451 968 607 1018 θάρσει
614 965 823 1015 θύγατερ·
880 972 1015 1008 πίστϊς
1010 979 1100 1007 σου
1102 953 1246 1007 σέσωκέ
831 956 867 1008 ἡ

779 1020 811 1068 ἡ
443 1025 556 1078 σε·
561 1022 626 1069 καὶ
637 1023 770 1067 ἐσώθη
811 1019 917 1075 γϋνὴ
920 1022 1012 1065 ἀπὸ
1015 1008 1074 1068 τῆς
1082 1017 1208 1080 ὥρας

445 1082 691 1138 ἐκείνης·
720 1077 785 1130 καὶ
792 1074 927 1134 ἐλθὼν
933 1076 958 1140 ὁ
1123 1080 1253 1138 οἰκίαν
1065 1083 1121 1140 τὴν
959 1068 1011 1138 ἰς
1017 1078 1062 1142 εἰς

717 1136 786 1190 καὶ
391 1135 489 1195 Τοῦ
898 1138 980 1199 τοὺς
786 1137 897 1194 ἰδὼν
988 1142 1192 1193 αὐλητὰς
497 1138 712 1198 ἄρχοντος·

421 1205 507 1259 καὶ
513 1209 581 1261 τὸν
586 1209 724 1260 ὄχλον
732 1207 1063 1265 θορϋβούμενον,
1065 1203 1225 1262 λέγει

450 1266 637 1314 αὐτοῖς·
648 1271 932 1325 ἀναχωρεῖτε·
948 1266 989 1320 οὐ
1073 1266 1204 1323 ἀπέ
995 1270 1068 1325 γὰρ

450 1326 598 1383 θανε
598 1330 640 1381 τὸ
645 1332 903 1386 κοράσϊον·
914 1329 1014 1384 ἀλλὰ
1023 1328 1230 1380 καθεύδει·

445 1394 505 1465 <+>
516 1390 740 1457 κατεγέλων
989 1380 1050 1439 δὲ
751 1393 900 1464 αὐτοῦ·
921 1385 985 1456 ὅτε
1054 1383 1240 1469 ἐξεβλήθη

682 1507 995 1605 αἱμορροούσης:
632 1488 678 1614 τ[11]
518 1501 618 1601 πε[30]
403 1510 503 1610 ις:
