1658 1980
511 261 603 335 αὐτοῦ
606 291 756 346 ῥακά,
761 295 917 356 ἔνοχος
925 291 1018 352 ἔσται
1023 257 1072 349 τῶ
1074 267 1272 356 σϋνεδρίω·

507 346 560 409 ὃς
564 346 602 409 δ᾽
600 349 659 411 ἂν
662 348 772 411 εἴπη
770 361 890 409 μωρὲ,
893 363 1047 416 ἔνοχος
1048 357 1148 416 ἔσται
1207 359 1269 413 τὴν
1148 356 1205 422 εἰς

501 416 705 476 γέενναν
703 416 781 478 τοῦ
784 424 979 480 πϋρός·
1020 421 1110 476 ἐὰν
1114 422 1185 474 οὖν
1192 424 1263 476 προσ

445 479 623 539 Φέρης
619 475 674 537 τὸ
675 480 802 535 δῶρον
809 497 883 536 σου
891 482 980 538 ἐπὶ
989 483 1034 540 τὸ
1039 480 1287 542 θυσιαστήριον·

486 542 542 601 <+>
550 541 640 596 ἐκεῖ
639 543 817 598 μνησθῇς
827 537 892 592 ὅτϊ
898 545 921 588 ὁ
929 546 1148 596 ἀδελφός
1157 563 1240 598 σου

485 603 591 664 ἔχει
595 603 649 655 τί
651 601 765 655 κατὰ
774 605 866 651 σοῦ,
873 596 1004 655 ἄφες
1010 606 1092 657 ἐκεῖ
1095 601 1135 657 τὸ
1137 598 1261 663 δῶρον

495 681 583 710 σου
590 663 848 714 ἔμπροσθεν
853 663 921 711 τοῦ
933 669 1250 715 θυσιαστηρίου·

478 714 538 778 <+>
540 721 697 778 ὕπαγε
703 721 865 775 πρῶτον
877 715 1110 778 δϊαλλάγηθι
1115 724 1172 777 τῶ
1174 717 1265 783 ἀδελ

485 778 576 826 φῶ
580 793 683 832 σου·
701 785 782 830 καὶ
780 778 887 832 τότε
895 785 1039 838 ἐλθὼν
1044 789 1264 841 πρόσφερε

497 846 555 896 τὸ
555 834 708 901 δῶρον
719 864 825 898 σου·
844 840 932 899 ἴσθϊ
934 844 1089 901 εὐνοῶν
1100 856 1157 897 τῶ
1161 851 1270 903 ἀντι

487 900 608 951 δίκω
617 922 693 954 σου
692 908 809 960 ταχύ.
816 903 919 954 ἕως
931 909 1036 954 ότου
1052 907 1087 960 εἶ
1092 907 1160 964 ἐν
1159 917 1258 960 τῆ

494 953 591 1010 ὁδῶ
601 981 659 1016 μετ᾽
656 963 816 1010 αὐτοῦ·
833 960 1033 1017 μήποτέ
1037 975 1095 1016 σε
1105 968 1285 1017 παραδῶ

497 1019 541 1078 ὁ
539 1019 801 1075 ἀντίδικος
802 1019 869 1078 τῶ
874 1034 1043 1080 κριτῆ·
1052 1030 1119 1083 καὶ
1127 1024 1156 1084 ὁ
1157 1029 1277 1090 κριτής

494 1094 572 1141 σε
577 1081 777 1139 παραδῶ
782 1094 844 1140 τῶ
847 1091 1093 1153 ὑπηρέτη·
1096 1091 1180 1144 καὶ
1183 1091 1263 1139 εἰς

482 1142 732 1200 φυλακὴν
741 1152 981 1195 βληθήσῃ·
1002 1154 1120 1207 ἀμὴν
1120 1146 1222 1205 λέγω
1222 1143 1291 1205 σοι,

493 1204 538 1260 οὐ
543 1207 622 1256 μὴ
619 1204 837 1265 ἐξέλθης
842 1206 1031 1262 ἐκεῖθεν
1033 1209 1146 1256 ἕως
1157 1208 1225 1261 ἂν

486 1266 695 1314 ἀποδῶς
705 1272 794 1320 τὸν
791 1270 978 1331 ἔσχατον
983 1261 1269 1330 κοδράντην·

417 1322 697 1386 Ἠκούσατε
707 1329 792 1384 ὅτϊ
797 1334 973 1388 ἐρρέθη,
980 1334 1025 1386 οὐ
1030 1333 1295 1389 μοιχεύσεις·

496 1388 569 1452 ἐγὼ
575 1382 639 1439 δὲ
640 1388 754 1461 λέγω
759 1392 883 1450 ὑμῖν,
893 1393 982 1447 ὅτϊ
984 1397 1072 1453 πᾶς
1075 1393 1107 1456 ὁ
1108 1392 1284 1454 βλέπων
