1627 1988
430 289 514 364 δὲ
513 295 676 355 μᾶλλον,
685 280 746 349 πρὸς
755 284 812 354 τὰ
816 302 1040 365 πρόβατα
1045 286 1088 364 τὰ
1100 297 1175 355 ἀπο

423 366 619 418 λωλότα
621 361 746 408 οἴκου
759 362 858 412 ἰήλ·
873 366 1154 415 πορευόμενοι
1157 359 1203 425 δὲ.

437 427 715 467 κηρύσσετε·
717 419 908 473 λέγοντες,
921 421 995 472 ὅτϊ
999 423 1171 478 ἤγγϊκεν

444 485 488 543 ἡ
491 487 710 543 βασιλεία
714 488 808 540 τῶν
808 485 982 535 οὐνῶν·
992 482 1226 547 ἀσθενοῦντας,

437 554 763 600 θεραπεύετε·
771 553 976 604 λεπροὺς.
974 558 1196 602 καθαρίζε

429 618 534 662 τε·
534 606 780 658 δαιμόνια.
778 608 1067 654 ἐκβάλλετε·
1062 603 1211 664 δωρεὰν

443 675 655 726 ἐλάβετε·
667 662 825 723 δωρεὰν
830 663 979 719 δότε·
1006 672 1082 728 μὴ
1085 668 1194 727 κτήση

391 734 519 786 σθε
533 736 717 789 χρϋσόν·
740 726 862 774 μὴδὲ
869 727 1057 794 ἄργϋρον
1060 731 1175 787 μὴδὲ

432 802 601 853 χαλκὸν
609 802 676 846 εἰς
676 788 765 847 τὰς
774 799 933 851 ζώνας
948 796 1078 849 ὑμῶν·
1089 794 1169 846 μὴ

434 869 566 917 πήραν
574 866 629 921 εἰς
637 856 754 915 ὁδὸν·
759 856 904 921 μὴδὲ
904 857 976 910 δύο
983 868 1208 918 χιτῶνας·

439 918 559 967 μὴδὲ
568 921 874 981 ὑποδήματα·
875 922 1004 970 μὴδὲ
1007 922 1207 982 ῥάβδους·

435 981 572 1035 ἄξϊος
580 987 653 1037 γὰρ
662 985 689 1031 ὁ
701 987 892 1035 ἐργάτης
890 981 962 1033 τῆς
964 983 1190 1033 τροφῆς

431 1043 570 1092 αὐτοῦ
569 1044 711 1098 ἐστΐν·
738 1045 795 1097 εἰς
801 1041 842 1097 ἥν
851 1034 885 1101 δ᾽
885 1035 940 1095 ἂν
946 1040 1051 1100 πόλϊν
1059 1037 1084 1096 ἢ
1084 1040 1205 1089 κώμην

427 1099 691 1156 εἰσέλθητε,
684 1102 958 1153 ἐξετάσατε
973 1113 1041 1153 τΐς
1046 1103 1093 1159 ἐν
1097 1096 1199 1155 αὐτῆ

419 1159 576 1221 ἄξϊός
575 1166 682 1216 ἐστϊ·
684 1160 821 1224 κἀκεῖ
826 1168 1024 1222 μείνατε·
1031 1170 1121 1218 ἕως
1116 1163 1187 1222 ἂν

428 1234 694 1286 ἐξέλθητε·
705 1231 1006 1286 εἰσερχόμενοι
1014 1225 1071 1288 δὲ
1075 1222 1125 1287 εἰς
1125 1226 1185 1284 τὴν

425 1294 606 1345 οἰκίαν,
617 1292 887 1350 ἀσπάσασθε
891 1294 1048 1351 αὐτήν·
1071 1295 1105 1344 <+>
1112 1291 1179 1349 ἐὰν
1177 1290 1229 1349 μὲν

427 1347 469 1405 ἦ
473 1355 506 1407 ἡ
516 1354 644 1409 οἰκία
650 1354 793 1406 ἀξία,
798 1363 958 1406 ἐλθέτω
965 1363 998 1411 ἡ
1006 1354 1200 1408 εἰρήνη

421 1416 557 1477 ὑμῶν,
559 1418 623 1466 ἐπ᾽
625 1412 789 1477 αὐτήν·
795 1415 879 1473 ἐὰν
883 1415 933 1467 δὲ
941 1418 1004 1471 μὴ
1008 1419 1042 1480 ἦ
1044 1414 1194 1487 ἀξία,
