1643 1988
431 271 650 342 δϋνάμεις
656 241 795 332 πολλὰς
802 260 1137 337 ἐποιήσαμεν;
1154 266 1193 340 <+>

424 347 563 398 τότε
570 345 825 396 ὁμολογήσω
824 342 995 393 αὐτοῖς.
1002 336 1080 386 ὅτϊ
1080 344 1195 391 οὐδέ

436 404 547 452 ποτε
552 407 678 466 ἔγνων
677 405 847 455 ὑμᾶς·
857 400 1129 458 ἀποχωρεῖτε
1131 396 1214 454 ἀπ᾽

438 467 553 523 ἐμοῦ
562 474 602 520 οἱ
608 469 922 521 ἐργαζόμενοι
922 467 1002 517 τὴν
1006 462 1212 515 ἀνομΐαν·

379 531 499 591 Πᾶς
505 522 581 582 οὖν
591 526 720 584 ὅστϊς
717 526 865 587 ἀκούει
868 542 942 584 μου
943 522 1031 575 τοὺς
1030 524 1190 575 λόγους

439 592 620 639 τούτους·
631 591 703 644 καὶ
710 587 832 649 ποιεῖ
837 588 982 635 αὐτοὺς,
983 580 1192 633 ὁμοιώσω

433 651 564 711 αὐτὸν
570 648 704 710 ἀνδρὶ
707 648 939 709 φρονίμω·
954 645 1066 698 ὅστϊς
1067 639 1211 700 ᾠκοδό

435 719 568 772 μησε
569 719 654 771 τὴν
655 716 804 759 οἰκίαν
813 714 947 755 αὐτοῦ,
949 709 1034 754 ἐπὶ
1039 708 1109 757 τὴν
1118 705 1241 757 πέτραν·

431 778 484 837 <+>
487 776 647 826 κατέβη
657 775 683 826 ἡ
685 774 845 825 βροχή·
855 772 921 829 καὶ
933 766 1043 825 ἦλθον
1050 766 1081 825 οἱ
1088 764 1240 824 ποταμοί

426 839 485 899 <+>
490 840 722 890 ἔπνευσαν
730 838 771 887 οἱ
772 836 945 883 ἄνεμοι·
955 828 1028 881 καὶ
1031 827 1214 876 προσέ

449 905 596 954 πεσον
601 897 667 947 τῆ
669 893 789 937 οἰκία
796 894 965 943 ἐκείνη·
977 890 1016 938 <+>
1019 889 1070 937 οὐκ
1075 884 1220 932 ἔπεσε·

434 955 717 1007 τεθεμελΐωτο
727 951 800 1012 γὰρ
804 952 885 1002 ἐπὶ
888 949 964 1001 τὴν
976 948 1158 1004 πέτραν·
1162 946 1212 999 <+>

447 1016 562 1066 πᾶς
564 1017 599 1068 ὁ
593 1017 762 1067 ἀκούων
763 1021 846 1063 μου
844 1006 934 1056 τοὺς
935 1009 1082 1058 λόγους
1077 1004 1243 1056 τούτους·

436 1074 484 1148 <+>
486 1074 560 1123 μὴ
561 1074 707 1123 ποιῶν
713 1072 882 1120 αὐτούς,
877 1064 1215 1119 ὁμοιωθήσεται

447 1143 577 1198 ἀνδρῒ
582 1142 736 1189 μωρῶ·
740 1127 872 1185 ὅστις
874 1127 1144 1184 ᾠκοδόμησε
1149 1123 1218 1176 τὴν

443 1202 603 1252 οἰκίαν
609 1197 733 1249 αὐτοῦ
739 1191 827 1243 ἐπὶ
826 1193 887 1249 τὴν
892 1189 1050 1242 ἄμμον·
1055 1191 1104 1246 <+>
1102 1183 1218 1240 κατέ

447 1271 514 1322 βη
524 1267 556 1322 ἡ
561 1258 724 1319 βροχή·
736 1254 770 1314 <+>
779 1251 911 1313 ἦλθον
917 1253 958 1307 οἱ
963 1246 1172 1303 ποταμοί·
1180 1247 1220 1300 <+>

457 1327 697 1380 ἔπνευσαν
698 1330 738 1376 οἱ
743 1323 917 1371 ἄνεμοι·
931 1316 997 1369 καὶ
1009 1317 1215 1370 προσέκο

446 1391 538 1458 ψαν
540 1390 590 1451 τῆ
593 1393 722 1446 οἰκία
729 1389 885 1440 ἐκείνη·
899 1381 939 1437 <++>
944 1381 1127 1432 ἔπεσε·
1132 1372 1214 1425 καὶ
