1774 1990
521 262 601 336 ὅτι
608 273 734 343 αὐτοὶ
733 285 1294 348 παρακληθήσονται·

535 354 785 412 μακάρϊοι
791 356 843 409 οἱ
846 352 1065 407 πραεῖς·
1080 350 1168 411 ὅτϊ
1174 352 1303 405 αὐτοὶ

532 416 985 473 κληρονομήσουσι
984 410 1074 469 τὴν
1079 414 1193 476 γῆν·
1202 409 1349 465 μακά

529 481 631 540 ρϊοι
644 481 694 533 οἱ
697 473 965 532 πεινῶντες
972 478 1055 535 καὶ
1058 475 1316 539 δϊψῶντες

536 544 623 599 τὴν
623 538 967 598 δικαιοσΰνην·
984 540 1071 594 ὅτι
1076 541 1198 596 αὐτοὶ
1201 543 1323 603 χορτα

530 600 832 656 σθήσονται·
879 604 1110 658 μακάρϊοι
1117 601 1160 657 οἱ
1164 608 1329 661 ἐλεή

527 667 730 725 μονες·
743 661 819 727 ὅτι
824 665 944 718 αὐτοὶ
952 660 1328 725 ἐλεηθήσονται·

538 730 770 776 μακάριοι
783 729 819 777 οἱ
833 728 1030 778 καθαροὶ
1037 731 1110 776 τῆ
1118 727 1321 780 καρδία.

521 780 615 836 ὅτϊ
618 785 742 835 αὐτοὶ
752 786 830 845 τὸν
838 788 898 844 θν
904 781 1124 842 ὄψονται·
1157 787 1327 836 μακά

530 850 637 905 ρϊοι
644 848 687 905 οἱ
699 844 1030 906 εἰρηνοποιοί·
1035 845 1115 902 ὅτι
1119 851 1235 902 αὐτοὶ
1240 845 1319 908 υἱοί

534 908 629 963 θ{1}ῦ
630 916 986 967 κληθήσονται·
1035 910 1272 970 μακάρϊοι
1282 913 1321 962 οἱ

481 965 862 1021 δεδιωγμένοι
862 967 1049 1030 ἕνεκεν
1047 970 1339 1029 δικαιοσΰνης·

524 1027 626 1086 ὅτϊ
629 1026 778 1094 αὐτῶν
790 1035 899 1098 ἐστϊν
907 1033 945 1088 ἡ
955 1032 1189 1091 βασιλεία
1192 1030 1315 1089 τῶν

531 1093 730 1149 οὐνῶν·
771 1100 1006 1154 μακάριοι
1012 1097 1122 1154 ἐστὲ
1128 1090 1240 1149 ὅταν
1246 1095 1339 1151 ὀνει

490 1149 756 1218 δίσωσϊν
758 1157 898 1216 ὑμᾶς
907 1161 996 1213 καὶ
994 1152 1243 1211 διώξωσϊ·
1249 1160 1324 1216 <+>

503 1219 725 1269 εἴπωσι
727 1222 830 1270 πᾶν
835 1221 1042 1274 πανηρὸν
1046 1215 1179 1276 ῥῆμα
1181 1220 1326 1266 καθ᾽

517 1276 705 1344 ὑμῶν·
711 1274 1029 1338 ψευδόμενοι
1026 1276 1217 1336 ἕνεκεν
1221 1273 1339 1340 ἐμοῦ·

518 1347 737 1410 χαίρετε
745 1343 824 1399 καὶ
826 1336 1125 1403 ἀγαλλϊᾶσθε·
1133 1339 1220 1394 ὅτϊ
1227 1343 1249 1401 ὁ
1251 1343 1314 1401 μϊ

520 1414 640 1484 σθὸς
642 1409 773 1484 ὑμῶν
784 1409 967 1467 πολῢς
974 1406 1036 1470 ἐν
1042 1404 1137 1463 τοῖς
1146 1405 1344 1465 οὐνοῖς·
