1783 1980
406 300 542 370 ὑμῶν
546 293 581 364 ὁ
583 285 815 356 οὐνιος·
826 279 918 353 ἐὰν
920 267 995 349 δὲ
999 280 1065 339 μὴ
1069 256 1229 338 ἀφῆτε

399 379 524 428 τοῖς
527 366 668 422 ἀνοις
667 371 743 419 τὰ
1096 342 1254 415 αὐτῶν,
745 352 1094 412 απραπτώματα

411 435 526 499 οὐδὲ
528 431 569 485 ὁ
571 436 670 490 πὴρ
675 428 805 482 ὑμῶν
824 429 1008 478 ἀφήσει
1012 417 1090 471 τὰ
1086 415 1212 461 παρα

430 502 680 552 πτώματα
688 492 859 545 ὑμῶν·
909 477 1034 534 ὅταν
1038 474 1091 525 δὲ
1095 479 1265 527 νηστεύητε,

360 556 474 617 Μὴ
475 560 675 612 γίνεσθε
683 550 866 608 ὥσπερ
914 543 1240 599 ὑποκρϊταί,
864 553 907 596 οἱ

431 618 747 673 σκϋθρωποί·
764 615 1082 675 ἀφανίζουσι
1088 601 1160 660 γὰρ
1163 602 1239 659 τὰ

435 687 708 726 πρόσωπα
719 676 882 724 αὐτῶν·
901 670 1031 717 ὅπως
1036 661 1229 714 φανῶσϊ

440 756 549 808 τοῖς
552 745 685 797 ἀνοις
696 736 989 781 νηστεύοντες·
1004 719 1116 775 ἀμὴν
1119 716 1239 770 λέγω

448 811 574 865 ὑμῖν.
600 799 684 864 ὅτϊ
692 798 913 852 ἀπέχουσι
924 786 999 842 τὸν
1003 782 1148 836 μϊσθὸν
1150 765 1284 832 αὐτῶν·

455 872 524 932 σὺ
526 871 600 929 δε
606 863 819 923 νηστεύων,
834 856 1026 912 ἄλειψαί
1035 847 1113 901 σου
1121 841 1193 902 τὴν
1194 842 1257 897 κε

449 935 634 993 γαλήν·
650 928 718 981 καὶ
727 928 769 979 τὸ
775 925 1046 973 πρόσωπόν
1050 908 1117 958 σου
1122 906 1276 958 νίψαι·

459 1001 590 1051 ὅπως
599 989 684 1048 μὴ
692 983 862 1045 φᾳνῆς
969 969 1104 1024 ἀνoις
1109 963 1277 1017 νηστεύων·
864 980 963 1041 τοῖς

571 1059 630 1102 τῶ
645 1049 727 1105 πρί
811 1047 871 1094 τῶ
875 1043 931 1091 ἐν
942 1040 997 1084 τῶ
1001 1031 1203 1075 κρϋπτῶ·
1205 1018 1265 1076 <+>
463 1058 563 1112 ἀλλὰ
724 1059 805 1100 σου

508 1115 591 1175 πήρ
595 1107 686 1163 σου
686 1108 717 1164 ὁ
906 1097 970 1153 ἐν
972 1097 1043 1153 τῶ
1046 1089 1252 1141 κρυπτῶ,
445 1120 504 1180 ὁ
723 1103 896 1161 βλέπων

938 1153 1263 1203 θησαυρίζετε
448 1177 689 1229 ἀποδώσει
848 1161 926 1207 μὴ
695 1172 807 1209 σοι·

398 1236 552 1305 Ὑμῖν
561 1228 826 1285 θησαυροὺς
833 1213 923 1280 ἐπὶ
930 1217 1013 1270 τῆς
1018 1213 1130 1269 γῆς·
1143 1206 1259 1262 ὅπου

480 1302 568 1360 σὴς
581 1299 655 1351 καὶ
661 1291 845 1349 βρῶσϊς
849 1275 1136 1331 ἀφανίζει·
1147 1269 1255 1322 καὶ

473 1364 598 1415 ὅπου
600 1361 762 1410 κλέπται
769 1350 1081 1394 διορύσσουσι.
1081 1342 1150 1391 καὶ
1151 1329 1284 1390 κλέ

480 1425 673 1474 πτουσι·
681 1404 1029 1476 θησαυρίζετε
1028 1398 1098 1461 δὲ
1090 1393 1262 1467 ὑμῖν
