1638 1980
481 217 702 344 θησαυροὺς
712 273 769 340 ἐν
774 275 910 332 οὐνῶ·
921 284 1022 335 ὅπου
1029 275 1136 341 οὔτε
1143 281 1236 341 σὴς.

474 345 587 397 οὔτε
590 348 795 395 βρῶσις
797 344 1028 398 ἀφανίζει·
1042 354 1113 401 καὶ
1112 353 1228 409 ὅπου

478 401 658 452 κλέπται
663 399 715 457 οὐ
713 397 1026 461 διορύσσουσιν·
1028 409 1143 458 οὐδὲ
1143 420 1229 469 κλέ

489 472 689 522 πτουσιν·
715 469 835 520 ὅπου
837 471 917 523 γάρ
926 475 1020 527 ἐστιν
1021 470 1050 522 ὁ
1052 474 1229 532 θησαυρὸς

486 521 638 578 ὑμῶν,
655 526 755 583 ἐκεῖ
762 529 867 579 ἔσται
876 533 944 577 καὶ
947 529 989 578 ἡ
991 533 1153 584 καρδία
1154 534 1261 588 ὑμῶν·

434 579 478 643 Ὁ
480 585 642 647 λύχνος
649 585 719 647 τοῦ
723 584 940 645 σώματος,
943 595 1050 648 ἐστὶν
1051 590 1077 649 ὁ
1084 596 1222 654 ὀφθαλ

485 653 608 699 μός·
630 650 715 707 ἐὰν
718 646 792 704 οὖν
796 650 824 706 ὁ
826 654 1043 709 ὀφθαλμός
1053 670 1105 711 σου
1110 657 1225 715 ἁπλοῦς

492 705 550 763 ἦ,
552 707 659 765 ὅλον
668 713 713 767 τὸ
723 715 847 767 σῶμα
852 724 921 768 σου
927 713 1126 772 φωτεινὸν
1127 722 1247 771 ἔσται·

470 770 579 821 ἐὰν
579 768 643 819 δὲ
654 776 680 822 ὁ
687 776 906 829 ὀφθαλμός
911 788 985 832 σου
991 784 1152 840 πονηρὸς
1165 772 1232 840 ἦ,

480 832 606 894 ὅλον
609 831 654 894 τὸ
659 832 784 895 σῶμα
788 844 866 895 σου
869 839 1074 901 σκοτεινὸν
1080 845 1221 897 ἔσται·

480 902 535 958 εἰ
539 900 608 947 οὖν
612 900 651 952 τὸ
659 896 759 957 φῶς
763 904 811 951 τὸ
817 898 860 960 ἐν
863 899 927 944 σοὶ
933 906 1098 956 σκότος
1096 902 1177 961 ἐστὶ,
1179 904 1230 963 τὸ

480 959 658 1006 σκότος
658 962 854 1010 πόσον·
895 960 1014 1015 οὐδεὶς
1014 962 1221 1011 δύναται

479 1012 586 1082 δυσὶ
590 1022 764 1075 κυρίοις
763 1013 982 1079 δουλεύειν·
1000 1018 1026 1075 ἢ
1024 1025 1104 1088 γὰρ
1102 1033 1159 1084 τὸν
1160 1019 1242 1081 ἔνα

479 1089 665 1135 μϊσήσει·
672 1085 731 1132 καὶ
739 1088 815 1141 τὸν
816 1085 960 1142 ἕτερον
963 1085 1194 1141 ἀγαπήσει,
1196 1084 1221 1138 ἢ

475 1139 601 1199 ἑνὸς
603 1144 854 1196 ἀνθέξεται·
856 1147 930 1196 καὶ
931 1151 1000 1197 τοῦ
1001 1143 1152 1202 ἑτέρου
1158 1151 1248 1196 κατα

473 1208 734 1267 φρονήσει·
762 1206 815 1268 οὐ
820 1200 1007 1258 δύνασθε
1012 1202 1074 1264 θῶ
1078 1211 1260 1268 δουλεύειν,

462 1279 533 1333 <+>
534 1276 763 1329 μαμωνᾶ·
776 1272 865 1327 Δϊὰ
869 1272 981 1322 τοῦτο
984 1271 1085 1331 λέγω
1087 1271 1229 1325 ὑμῖν,

426 1334 528 1385 Μὴ
531 1331 792 1387 μερϊμνᾶτε
796 1331 843 1384 τῆ
847 1329 969 1387 ψυχῆ
973 1334 1101 1386 ὑμῶν,
1104 1333 1152 1386 τί
1154 1334 1246 1385 φά

468 1397 636 1450 γητε
641 1397 681 1454 <++>
685 1392 740 1452 τί
743 1395 921 1454 πίητε·
939 1393 1007 1446 μὴ
1014 1386 1062 1451 δὲ
1071 1397 1122 1449 τῶ
1125 1388 1280 1461 σώματι
