1726 1988
467 165 558 227 ις:
571 138 652 221 πε[30]
650 159 733 221 τ[10]
740 160 827 215 δύο
829 122 1091 224 τυφλῶν:

528 264 559 330 ὁ
559 267 717 332 ὄχλος,
722 269 928 329 εἰσελθὼν,
934 253 1143 328 ἐκράτησε
1146 273 1232 332 τῆς
1233 260 1346 340 χειρὸς

520 333 683 385 αὐτῆς·
690 337 762 389 καὶ
764 336 939 388 ἠγέρθη
943 339 993 394 τὸ
999 340 1214 387 κοράσϊον·
1209 342 1338 385 καὶ

524 396 723 449 ἐξῆλθεν
734 395 765 443 ἡ
769 397 898 450 φήμη
909 394 1047 444 αὕτη,
1056 397 1109 451 εἰς
1114 397 1212 451 ὅλην
1220 398 1299 444 τὴν

527 457 609 513 γῆν
614 458 847 513 ἐκείνην·
871 457 929 507 <+>
942 458 1176 505 παράγοντϊ
1180 457 1312 515 ἐκεῖθεν

622 516 912 572 ἠκολούθησαν
915 519 1023 573 αὐτῶ
1027 516 1116 571 δύο
1123 513 1292 570 τϋφλοί·
558 511 618 565 ἰῦ,
459 510 559 566 Τῶ

490 578 792 641 κράζοντες
791 587 869 637 καὶ
876 583 1074 637 λέγοντες·
1071 579 1289 643 ἐλέησον

527 643 662 702 ἡμᾶς
664 642 757 703 υἱὸς
755 638 897 700 δαδ·
1070 647 1127 697 δὲ
908 642 1066 705 ἐλθόντι
1132 650 1199 705 εἰς
1201 649 1287 706 τὴν

513 706 698 765 οἰκίαν,
1109 710 1294 758 τϋφλοί·
698 716 954 768 προσῆλθον
1068 713 1107 763 οἱ
960 710 1065 759 αὐτῶ

570 774 682 828 λέγει
683 775 861 823 αὐτοῖς·
503 770 555 834 <+>
873 766 1079 826 πιοστεύετε
1083 766 1160 827 ὅτι
1154 764 1337 827 δΰναμαι

607 838 832 888 ποιῆσαι;
515 828 608 885 τοῦτο
840 832 1025 890 λέγουσϊν
1027 830 1174 890 αὐτῶ·
1173 829 1255 886 ναὶ
1251 830 1326 889 κε·

624 886 769 950 ἥψατο
514 889 611 942 τότε
866 893 1106 950 ὀφθαλμῶν
775 897 868 951 τῶν
1100 893 1290 949 αὐτῶν·

655 958 778 996 κατὰ
785 961 866 1007 τὴν
1031 954 1146 1020 ὑμῶν
865 954 1026 1015 πίστϊν
502 953 657 1012 λέγων,
1146 950 1326 1020 γενηθή

496 1026 585 1067 τω
581 1017 740 1069 ὑμῖν·
812 1021 1076 1071 ἀνεώχθησαν
1075 1020 1224 1076 αὐτῶν
740 1018 811 1064 καὶ
1228 1020 1274 1070 οἱ

783 1076 856 1134 καὶ
860 1077 1183 1140 ἐνεβρϊμήσατο
1187 1070 1310 1128 αὐτοῖς
518 1074 759 1130 ὀφθαλμοί·

505 1134 538 1189 ὁ
540 1130 616 1193 ἰς·
769 1140 950 1193 ὁρᾶτε·
1127 1140 1334 1199 γϊνωσκέτω·
952 1139 1120 1198 μηδεὶς
621 1141 757 1195 λέγων,

909 1201 1186 1262 δϊεφήμισαν
1189 1199 1315 1263 αὐτὸν
555 1203 609 1256 δὲ
619 1206 903 1262 ἐξελθόντες,
506 1202 554 1258 οἱ

584 1264 655 1325 ὅλη
502 1264 579 1327 ἐν
716 1266 787 1333 γῆ
785 1268 971 1321 ἐκείνη·
1116 1264 1191 1319 δὲ
979 1266 1117 1325 αὐτῶν
656 1269 716 1320 τῆ
1192 1267 1285 1332 ἐξ

910 1343 1275 1399 προσήνεγκαν
805 1322 915 1385 ἰδοὺ
486 1331 805 1392 ερχομένων,

907 1401 1292 1458 δαιμονϊζόμενον·
733 1395 903 1448 κωφὸν
618 1397 739 1452 ἀνον
503 1392 624 1451 αὐτῶ

710 1512 1046 1588 δαιμονϊζομένου
1056 1529 1228 1599 κωφοῦ:
648 1503 715 1602 τοῦ
597 1501 645 1594 πε[30]
435 1492 535 1592 ιη:
