1681 1990
454 281 547 359 ἐν
555 220 648 353 τῶ
631 281 766 350 λαῶ·
828 273 883 353 <+>
902 271 1120 351 ἀπῆλθεν
1122 277 1156 340 ἡ
1160 246 1273 338 ἀκοὴ

421 358 609 404 Αὐτοῦ,
817 354 897 400 τὴν
614 352 701 402 εἰς
704 354 808 401 ὅλην
902 353 1095 398 σϋρίαν·
1112 347 1229 399 καὶ

462 410 834 463 προσήνεγκαν
836 411 962 461 αὐτῶ
966 406 1166 461 πάντας
1175 398 1244 461 τοὺς

485 470 663 526 κακῶς
675 468 843 528 ἔχοντας
848 465 1079 526 ποικίλαις
1080 466 1256 533 νόσοις·

457 537 525 607 <+>
534 534 762 589 βασάνοις
775 537 1126 587 σϋνεχομένους·
1148 536 1250 589 καὶ

453 601 923 648 δαιμονϊζομένους·
930 594 1011 640 καὶ
1020 593 1225 645 σεληνϊα

804 659 887 709 καὶ
896 651 1256 708 παραλυτϊκούς·
474 657 790 719 ζομένους·

472 725 545 788 <+>
553 719 873 768 ἐθεράπευσεν
877 715 1060 765 αὐτούς·
1118 709 1234 769 καὶ

427 780 807 837 Ἠκολούθησαν
816 771 937 831 αὐτῶ
937 771 1082 832 ὄχλοι
1091 769 1250 822 πολλοί.

477 842 572 894 ἀπὸ
577 840 663 895 τῆς
660 839 922 896 γαλϊλαίας·
925 840 998 887 καὶ
1004 831 1249 895 δεκαπόλεως·

532 900 904 951 ἱεροσολύμων·
909 897 980 943 καὶ
982 896 1234 946 ἰουδαίας·
456 897 532 970 <+>

486 970 538 1026 <+>
542 959 673 1018 πέραν
685 957 760 1011 τοῦ
771 954 1019 1009 ἰορδάνου·
1034 949 1141 1009 ἰδὼν
1147 947 1222 1002 δὲ

488 1027 607 1082 τοὺς
611 1020 802 1081 ὄχλους,
804 1017 960 1068 ἀνέβη
972 1012 1034 1070 εἰς
1046 1010 1102 1074 τὸ
1105 1010 1253 1070 ὄρος·

467 1083 546 1151 <+>
548 1089 834 1133 καθίσαντος
840 1083 988 1133 αὐτοῦ,
990 1080 1263 1127 προσῆλθον

495 1145 618 1189 αὐτῶ
628 1145 673 1192 οἱ
680 1138 884 1192 μαθηταὶ
895 1138 1052 1189 αὐτοῦ·
1054 1137 1103 1188 <+>
1106 1140 1276 1189 ἀνοίξας

488 1196 551 1260 τὸ
553 1203 659 1255 στόμα
671 1197 814 1250 αὐτοῦ,
830 1196 1085 1251 ἐδίδασκεν
1090 1196 1271 1246 αὐτοὺς·

492 1267 657 1324 λέγων,
667 1261 897 1315 μακάρϊοι
899 1262 942 1317 οἱ
945 1253 1091 1319 πτωχοὶ
1089 1247 1148 1303 τῶ
1151 1246 1262 1310 πνι·

498 1323 595 1381 ὅτϊ
602 1323 735 1379 αὐτῶν
744 1327 854 1375 ἐστιν
858 1321 903 1378 ἡ
911 1319 1134 1376 βασιλεία
1140 1311 1245 1368 τῶν

493 1383 714 1439 οὐνῶν·
753 1380 981 1448 μακάρϊοι
985 1383 1021 1432 οἱ
1035 1372 1272 1442 πενθοῦντες
