1777 1980
542 267 668 331 ἀμὴν
679 266 752 341 γὰρ
749 267 883 340 λέγω
885 261 1010 340 ὑμῖν,
1019 253 1122 333 ἕως
1121 258 1190 335 ἂν
1195 236 1374 341 παρέλθη

554 338 589 408 ὁ
594 345 730 403 οὐνὸς
738 342 813 405 καὶ
816 346 841 396 ἡ
843 346 922 401 γῆ,
928 342 1052 396 ἰῶτα
1053 337 1117 396 ἓν
1119 339 1164 399 ἢ
1166 340 1253 398 μΐα
1252 341 1385 403 κεραία,

556 409 591 467 οὐ
595 405 668 463 μὴ
673 402 889 459 παρέλθη
897 404 1003 457 ἀπὸ
1004 399 1071 459 τοῦ
1074 401 1235 461 νόμου,
1234 403 1335 463 ἔως

545 471 635 532 ἂν
635 470 798 524 πάντα
801 461 1011 519 γένηται·
1031 456 1094 509 ὃς
1095 463 1190 516 ἐὰν
1195 462 1265 515 οὖν
1260 464 1356 516 λύση

556 533 676 585 μίαν
675 526 756 585 τῶν
760 527 958 587 ἐντολῶν
962 518 1105 577 τούτων
1109 522 1192 581 τῶν
1197 525 1358 579 ἐλαχίστων·

554 590 610 663 <+>
609 589 788 650 διδάξη
790 591 932 647 οὕτως
936 593 1034 649 τοὺς
1034 586 1181 642 ἀνους,
1183 588 1347 647 ἐλάχϊστος

558 662 819 714 κληθήσεται
825 655 889 712 ἐν
887 654 961 708 τῆ
962 650 1173 708 βασιλεία
1179 652 1322 704 τῶν

561 719 758 780 οὐνῶν·
778 713 832 776 ὅς
835 713 878 773 δ᾽
879 717 931 780 ἂν
936 716 1138 774 ποιήση
1142 717 1176 777 <+>
1178 708 1376 776 διδάξη,

538 779 684 850 οὗτος
684 781 817 849 μέγας
816 780 1056 839 κληθήσεται
1064 780 1126 839 ἐν
1133 779 1195 829 τῆ
1197 780 1388 835 βασιλεία

577 851 666 905 τῶν
674 847 859 911 οὐνῶν·
908 841 1028 905 λέγω
1029 841 1111 903 γὰρ
1113 840 1237 905 ὑμῖν.
1240 837 1332 900 ὅτϊ

514 906 635 978 Ἐὰν
639 916 708 969 μὴ
710 914 955 968 περισσεύση
964 911 985 966 ἡ
985 906 1253 961 δικαιοσύνη
1258 898 1369 961 ὑμῶν

579 979 748 1025 πλεῖον
748 976 834 1032 τῶν
839 968 1125 1026 γραμματέων
1127 967 1192 1022 καὶ
1197 962 1386 1018 φαρϊσαίων,

573 1039 613 1096 οὐ
613 1033 686 1089 μὴ
692 1031 915 1095 εἰσέλθητε
919 1028 983 1097 εἰς
984 1029 1056 1086 τὴν
1063 1029 1289 1086 βασιλείαν
1289 1021 1366 1082 τῶν

569 1096 746 1157 οὐνῶν·
767 1096 1010 1149 ἠκούσατε
1023 1089 1099 1144 ὅτϊ
1098 1088 1255 1146 ἐρρέθη
1256 1088 1341 1146 τοῖς

554 1157 795 1221 ἀρχαίοις,
802 1155 854 1218 οὐ
858 1159 1126 1224 φονεύσεις·
1150 1148 1206 1217 ὃς
1209 1145 1251 1206 δ᾽
1249 1145 1322 1204 ἂν

572 1225 801 1282 φονεύση,
805 1222 957 1284 ἔνοχος
963 1222 1068 1279 ἔσται
1067 1224 1145 1274 τῆ
1150 1221 1340 1276 κρίσει·

561 1289 647 1349 ἐγώ
652 1291 701 1346 δε
700 1285 797 1346 λέγω
802 1287 919 1343 ὑμῖν,
924 1284 1008 1347 ὅτϊ
1007 1285 1088 1337 πᾶς
1091 1285 1126 1339 ὁ
1126 1279 1363 1335 ὀργϊζόμενος

569 1352 642 1406 τῶ
647 1349 858 1399 ἀδελφῶ
863 1349 993 1396 αὐτοῦ
1000 1349 1120 1401 εἰκῆ,
1122 1342 1276 1400 ἔνοχος
1280 1339 1362 1398 ἔσται

565 1413 644 1471 τῆ
650 1407 822 1482 κρίσει·
845 1402 890 1473 ὃς
892 1399 930 1471 δ᾽
934 1402 989 1475 ἂν
997 1409 1098 1470 εἴπη
1103 1405 1157 1465 τῶ
1158 1403 1361 1475 ἀδελφῶ
