1747 1995
447 235 562 312 αὐτοῦ
567 254 795 311 ἐντελεῖται
797 255 905 315 περὶ
910 256 1012 307 σοῦ·
1018 254 1089 310 καὶ
1092 244 1203 301 ἐπὶ

446 330 645 390 χειρῶν
651 323 801 389 ἀροῦσί
806 319 879 371 σε·
893 317 1058 369 μήποτε
1058 304 1270 375 προσκόψης

446 396 587 445 πρὸς
589 391 733 442 λΐθον
746 391 811 442 τὸν
819 373 946 431 πόδα
955 393 1073 427 σου·
1103 378 1236 436 ἔφη

441 452 568 500 αὐτῶ
578 453 610 505 ὁ
622 449 702 507 ἰ<+>ς·
725 445 891 507 πάλϊν
895 446 1129 506 γέγραπται,
1130 441 1244 503 οὐκ

449 512 747 577 ἐκπειράσεις
765 510 832 565 κν
837 513 912 565 τὸν
922 508 979 567 θν
979 514 1086 561 σου·
1108 504 1238 563 πάλϊν

392 574 773 633 Παραλαμβάνει
785 573 919 633 αὐτὸν
925 571 950 613 ὁ
954 569 1165 627 δϊάβολος
1170 569 1244 630 εἰς

451 645 587 702 ὄρος
596 638 782 694 ὑψηλὸν
785 636 924 686 λίαν·
939 635 1013 682 καὶ
1020 627 1243 692 δείκνυσϊν

455 703 581 747 αὐτῶ
587 703 762 742 πάσας
762 695 836 745 τὰς
840 697 1107 748 βασιλείας
1116 694 1242 745 τοῦ

459 768 653 824 κόσμου
670 762 743 810 καὶ
753 762 830 812 τὴν
833 753 981 815 δόξαν
990 755 1150 810 αὐτῶν·
1159 755 1253 808 καὶ

453 829 572 881 λέγει
580 829 713 873 αὐτῶ·
734 823 892 869 ταῦτα
899 820 1045 868 πάντα
1045 838 1122 871 σοι
1122 808 1249 869 δώσω,

460 893 540 941 ἐὰν
551 882 713 938 πεσὼν
721 880 1051 936 προσκϋνήσης
1061 891 1162 933 μοι·
1177 880 1254 934 τότε

432 955 566 1009 λέγει
575 948 687 999 αὐτῶ
693 950 716 993 ὁ
726 946 795 998 ἰς·
805 942 961 1001 ὕπαγε
968 940 1134 995 ὀπίσω
1137 937 1246 994 μου

448 1010 678 1060 σατανᾶ·
692 1008 911 1070 γέγραπται
914 1008 1012 1068 γὰρ,
1022 1003 1090 1058 κ
1095 1008 1165 1062 τὸν
1174 1002 1237 1059 θν

439 1093 536 1123 σου
551 1082 949 1127 προσκυνήσεις·
952 1072 1027 1119 καὶ
1038 1069 1146 1115 αὐτῶ
1159 1069 1259 1121 μόνω

424 1136 773 1186 λατρεύσεις·
792 1132 914 1187 τότε
925 1132 1129 1186 ἀφίησϊν
1132 1127 1252 1187 αὐτὸν

448 1199 489 1251 ὁ
505 1196 775 1246 διάβολος·
788 1193 870 1239 καὶ
881 1195 973 1243 ἰδοὺ
982 1196 1139 1243 ἄγγελοι
1138 1205 1242 1247 προσ

452 1260 603 1313 ῆλθον
616 1258 694 1314 καὶ
695 1258 963 1314 διηκόνουν
972 1257 1174 1305 αὐτῶ·

384 1318 627 1376 Ἀκούσας
637 1318 708 1368 δὲ
724 1328 746 1367 ὁ
763 1319 812 1372 ἰς
830 1319 921 1371 ὅτϊ
931 1319 1125 1374 ἰωάννης
1131 1325 1234 1368 παρε

438 1378 596 1446 δόθη,
603 1380 893 1449 ἀνεχώρησεν
903 1381 962 1435 εἰς
964 1378 1031 1444 τὴν
1037 1377 1275 1454 γαλϊλαίαν·
