1680 1995
470 365 629 439 ῥαχὴλ
638 362 836 446 κλαίουσα
839 366 895 448 τὰ
902 371 1056 442 τέκνα
1058 382 1213 443 αὐτῆς·

465 444 526 509 <+>
531 446 611 490 oὐκ
613 447 726 499 ἤθελε
737 448 1057 500 παρακληθῆναι
1067 444 1140 493 ὅτϊ
1146 447 1236 503 οὐκ

478 510 598 559 εἰσί·
636 509 953 566 τελευτήσαντος
956 507 1016 563 δὲ
1014 510 1084 559 τοῦ
1094 514 1254 565 ἡρώδου,

424 561 565 620 Ἰδοὺ
566 569 715 629 ἄγγελος
723 572 777 625 κυ
784 571 968 624 κατόναρ
974 576 1163 627 φαίνεται
1171 579 1236 627 τῶ

488 636 635 686 ἰωσὴφ
643 634 696 688 ἐν
703 634 899 687 αἰγΰπτω·
902 634 1043 689 λέγων,
1057 632 1223 691 ἐγερθεὶς

485 698 745 748 παράλαβε
750 696 798 749 τὸ
807 695 1011 751 παιδίον
1020 697 1087 751 καὶ
1089 702 1154 758 τὴν
1157 688 1253 761 μρα

484 757 635 808 αὐτοῦ·
644 755 723 818 καὶ
727 759 909 814 πορεύου
919 763 970 817 εἰς
982 767 1047 819 γῆν
1065 761 1152 813 ἰήλ·
1161 770 1223 812 τε

462 822 691 881 θνήκασϊ
692 829 767 880 γὰρ
780 825 814 874 οἱ
826 821 1041 881 ζητοῦντες
1050 823 1124 874 τὴν
1126 820 1265 882 ψϋχὴν

474 885 517 939 τοῦ
530 882 742 935 παιδίου·
768 883 793 938 ὁ
795 883 860 932 δὲ
870 886 1048 946 ἐγερθεὶς,
1048 890 1261 938 παρέλαβε

484 948 528 999 τὸ
528 940 726 1000 παιδίον
733 944 812 992 καὶ
813 946 888 1000 τὴν
900 945 994 1000 μρα
998 951 1143 990 αὐτοῦ·
1148 946 1215 990 καὶ

481 1003 600 1069 ἦλθεν
612 1003 675 1067 εἰς
675 1005 753 1068 γῆν
762 1004 847 1066 ἰήλ·
885 1007 1069 1054 ἀκούσας
1070 1003 1139 1054 δὲ
1150 1008 1237 1059 ὅτϊ

484 1072 714 1126 ἀρχέλαος
726 1072 953 1125 βασιλεύει
962 1067 1041 1116 ἐπὶ
1046 1070 1125 1119 τῆς
1127 1064 1277 1121 ἰουδαίας

484 1129 610 1181 ἀντὶ
618 1132 799 1184 ἡρώδου
804 1134 884 1177 τοῦ
893 1132 991 1176 πρς
1004 1127 1142 1179 αὐτοῦ,
1151 1130 1225 1184 ἐ

480 1191 667 1243 φοβήθη
672 1191 769 1247 ἐκεῖ
776 1191 1034 1249 ἀπελθεῖν·
1051 1189 1231 1244 χρηματι

493 1250 604 1299 σθεὶς
611 1247 677 1299 δὲ
697 1257 900 1308 κατόναρ,
911 1254 1186 1312 ἀνεχώρησεν
1192 1252 1251 1307 εἰς

474 1313 538 1360 τὰ
542 1319 669 1368 μέρη
675 1325 754 1364 τῆς
762 1321 1019 1375 γαλϊλαίας·
1028 1323 1070 1374 <+>
1083 1316 1239 1370 ἐλθὼν

492 1381 764 1437 κατώκησεν
774 1383 828 1435 εἰς
843 1383 958 1436 πόλϊν
961 1377 1224 1437 λεγομένην

487 1439 765 1508 ναζαρέτ·
784 1440 924 1488 ὅπως
953 1443 1177 1501 πληρωθῆ
1189 1444 1244 1493 τὸ
