1627 1988
447 300 542 363 σεται
546 305 627 369 γὰρ
622 306 740 365 ὑμῖν
742 281 804 372 ἐν
811 291 927 379 ἐκείνη
939 299 982 376 τῆ
989 271 1061 356 ὥρα,
1069 348 1114 369 τί
1117 341 1202 363 λαλή

443 381 579 430 σετε·
596 382 640 434 οὐ
639 387 714 435 γὰρ
719 382 839 437 ὑμεῖς
844 384 917 435 ἐστὲ
920 385 969 431 οἱ
970 386 1199 436 λαλοῦντες·

440 437 564 490 ἀλλὰ
562 444 606 493 τὸ
606 441 721 491 πνα
726 439 789 495 τοῦ
797 441 914 498 πρς
917 448 1034 503 ὑμῶν
1039 458 1085 503 τὸ
1084 448 1220 507 λαλοῦν

431 504 503 555 ἐν
502 504 664 558 ὑμῖν·
680 503 945 555 παραδώσει
942 502 1007 553 δὲ
1013 505 1213 558 ἀδελφὸς

420 561 658 614 ἀδελφὸν.
656 563 723 611 εἰς
728 566 928 620 θάνατον·
1025 564 1123 623 πὴρ.
939 562 1018 617 καὶ
1124 565 1237 623 τέκνον·

420 619 487 686 <+>
487 624 858 676 ἐπαναστήσονται
869 631 1023 676 τέκνα,
1032 629 1102 678 ἐπὶ
1107 634 1234 691 γονεῖς·

419 689 486 745 <+>
492 685 812 744 θανατώσουσϊν
814 688 988 743 αὐτούς·
1006 687 1038 745 <+>
1041 691 1198 740 ἔσεσθε

432 752 700 802 μϊσούμενοι
710 750 807 796 ὑπὸ
814 751 1032 805 πάντων,
1037 747 1130 801 διὰ
1133 747 1189 812 τὸ

430 805 585 857 ὄνομά
586 817 688 866 μου·
697 805 724 855 ὁ
724 798 791 855 δὲ
797 804 1053 865 ὑπομείνας
1053 810 1107 863 εἰς
1105 808 1220 869 τέλος,

417 861 536 916 οὗτος
541 875 817 918 σωθήσεται·
873 871 994 920 ὅταν
993 868 1045 921 δὲ
1051 866 1234 926 διώκωσ[3]

363 916 507 990 Ὑμᾶς
512 921 576 982 ἐν
580 931 639 977 τῆ
642 927 780 978 πόλει
778 924 924 976 ταύτη,
929 931 1098 978 φεύγετε
1099 930 1152 985 εἰς
1149 925 1219 984 τὴν

435 987 596 1032 ἄλλην·
602 987 714 1038 ἀμὴν
718 989 796 1045 γὰρ
800 989 891 1038 λέγω
883 991 1019 1041 ὑμῖν,
1021 992 1071 1040 οὐ
1080 990 1129 1042 μὴ
1130 994 1213 1042 τελέ

422 1039 552 1098 σητε
556 1043 630 1094 τὰς
636 1054 804 1099 πόλεις
805 1046 881 1101 τοῦ
883 1040 976 1099 ἰήλ,
985 1050 1058 1104 ἔως
1068 1051 1123 1106 ἂν
1129 1048 1230 1111 ἔλθη

414 1110 462 1159 ὁ
472 1105 549 1174 υἱὸς
551 1100 618 1158 τοῦ
625 1099 791 1169 ἀνoυ·
817 1116 899 1174 οὐκ
895 1110 974 1166 ἔστϊ
977 1116 1199 1165 μαθητὴς

399 1177 545 1215 ὑπὲρ
548 1174 626 1218 τὸν
629 1170 930 1226 διδάσκαλον·
953 1168 1074 1214 οὐδὲ
1086 1168 1219 1231 δοῦλος

416 1223 531 1280 ὑπὲρ
533 1231 618 1284 τὸν
622 1232 777 1285 κύριον
772 1231 958 1278 αὐτοῦ·
964 1238 1185 1283 ἀρκετὸν

427 1290 495 1348 τῶ
503 1286 680 1348 μαθητῆ.
691 1288 783 1351 ἵνα
782 1292 950 1346 γένηται
956 1296 1011 1343 ὡς
1018 1299 1038 1347 ὁ
1042 1290 1222 1353 διδάσκα

416 1351 524 1410 λος
529 1348 676 1402 αὐτοῦ·
678 1360 773 1405 καὶ
772 1359 792 1402 ὁ
808 1353 970 1413 δοῦλος,
975 1357 1032 1405 ὡς
1040 1356 1062 1408 ὁ
1062 1359 1216 1411 κύρϊος

419 1410 592 1475 αὐτοῦ·
598 1412 643 1481 εἰ
650 1418 719 1474 τὸν
722 1414 1029 1482 οἰκοδεσπότην
1036 1415 1247 1492 βεελζεβούλ
