1628 1988
435 162 495 236 ζ:
541 154 602 230 πε[30]
611 161 654 233 τοῦ
668 163 955 246 ἑκαντοτάρχου:

397 258 524 354 Αὐτῶ
524 283 835 353 ἑκατόνταρχος·
849 289 1115 347 παρακαλῶν
1114 267 1238 347 αὐτόν·

433 356 480 412 <+>
485 360 619 408 λέγων,
630 356 697 409 κε·
703 358 744 413 ὁ
746 356 851 405 παῖς
859 361 935 408 μου
940 358 1133 406 βέβληται
1141 353 1196 407 ἐν

438 423 510 469 τῆ
512 421 639 464 οἰκία
642 418 939 459 παραλϋτικὸς·
939 411 1109 461 δεινῶς
1112 414 1211 460 βασα

441 471 692 522 νϊζόμενος·
706 472 755 530 <+>
759 474 864 528 λέγει
868 472 961 523 αὐτῶ
970 469 1000 527 ὁ
1006 469 1071 524 ἰς·
1079 469 1194 529 ἐγὼ

436 535 580 590 ἐλθὼν,
591 532 857 583 θεραεπύσω
861 531 1011 580 αὐτόν·
1048 532 1112 578 καὶ
1114 530 1179 580 ἀπο

449 599 611 650 κρϊθεὶς
614 585 651 653 ὁ
656 588 957 645 ἑκατόνταρχος,
962 589 1077 639 ἔφη·
1087 586 1143 635 κε·
1150 586 1228 641 οὐκ

436 659 523 712 εἰμὶ
526 664 685 705 ἱκανός.
696 660 765 706 ἵνα
774 664 846 700 μου
851 657 930 704 ὑπὸ
931 652 987 707 τὴν
992 656 1092 705 στέγην
1097 651 1199 705 εἰσέλ

443 722 553 771 θης·
570 719 679 765 ἀλλὰ
691 714 813 772 μόνον
815 709 919 768 εἰπὲ
921 714 1020 762 λόγω·
1030 718 1087 758 καὶ
1096 711 1206 765 ἰαθή

450 775 567 832 σεται
569 773 597 831 ὁ
601 776 700 826 παῖς
706 785 791 821 μου·
802 783 868 822 καὶ
869 773 938 834 γὰρ
946 776 1013 834 ἐγὼ
1018 772 1120 822 ἄνός
1123 769 1202 829 εἰμϊ

420 840 521 895 ὑπὸ
523 841 730 892 ἐξουσίαν.
732 833 834 892 ἔχων
833 838 907 888 ὑπ᾽
909 840 1078 890 ἐμαυτὸν
1082 837 1211 893 στρατϊώ

446 911 556 954 τας·
569 900 637 946 καὶ
639 899 729 951 λέγω
734 907 869 948 τούτω,
875 893 1084 955 πορεύθητι·
1097 895 1189 943 καὶ

446 959 680 1012 πορεύεται·
690 959 729 1014 <+>
735 954 866 1006 ἄλλω.
869 959 984 1012 ἔρχου·
1000 959 1062 1008 καὶ
1071 954 1229 1010 ἔρχεται·

440 1018 493 1076 <+>
493 1017 550 1066 τῶ
556 1017 680 1073 δούλω
683 1030 771 1067 μου
775 1029 969 1072 ποίησον
1113 1019 1195 1063 καὶ
970 1024 1103 1061 τοῦτο.

449 1079 603 1126 ποιεῖ·
820 1074 869 1128 δὲ
915 1077 980 1131 ἰς.
636 1080 818 1126 ἀκούσας
880 1076 908 1127 ὁ
984 1074 1215 1127 ἐθαύμασε·

436 1132 494 1202 <+>
617 1134 710 1188 τοῖς
710 1135 1016 1196 ἀκολουθοῦσϊν·
498 1132 619 1193 εἶπε
1142 1135 1227 1195 λέγω
1036 1135 1140 1197 ἀμὴν

451 1205 574 1255 ὑμῖν.
582 1198 689 1255 οὐδὲ
698 1196 738 1261 ὲν
742 1198 799 1257 τῶ
800 1197 877 1253 ἰὴλ
1076 1199 1222 1253 πίστϊν
879 1201 1071 1255 τοσαύτην

440 1256 630 1315 εὗρον·
636 1265 738 1313 λέγω
736 1259 792 1311 δὲ
797 1259 909 1314 ὑμῖν.
910 1262 970 1313 ὅτι
980 1262 1108 1313 πολλοὶ
1115 1259 1211 1306 ἀπὸ

403 1316 663 1377 Ἀνατολῶν
663 1331 732 1374 καὶ
729 1316 899 1376 δϋσμῶν
905 1319 1078 1375 ἥξουσι·
1119 1318 1201 1374 ἀνα
1078 1323 1116 1378 <+>

1044 1381 1075 1452 <++>
456 1384 734 1446 κλϊθήσονται
738 1388 836 1441 μετὰ
840 1382 1042 1449 ἁβραάμ·
1081 1382 1236 1442 ἰσαάκ·
