1722 1995
407 281 655 363 Ἡρώδης
662 297 688 357 ὁ
696 290 954 361 βασιλεὺς,
964 298 1195 361 ἐταράχθη·
1202 292 1271 361 <+>

482 365 637 413 πᾶσα
646 366 976 426 ἱεροσόλυμα
988 370 1067 425 μετ᾽
1071 367 1258 422 αὐτοῦ·

466 428 520 496 <+>
523 429 758 496 σϋναγαγὼν
766 430 964 488 πάντας
968 428 1065 484 τοὺς
1070 425 1285 488 ἀρχϊερεῖς

464 501 521 557 <+>
525 497 815 554 γραμματεῖς
821 493 910 546 τοῦ
908 495 1047 548 λαοῦ,
1056 493 1285 544 ἐπυνθά

482 565 598 615 νετο
612 555 729 613 παρ᾽
733 559 891 614 αὐτῶν,
895 558 1005 607 ποῦ
1011 559 1034 607 ὁ
1040 558 1097 612 χς
1105 550 1302 611 γεννᾶται·

476 626 527 674 οἱ
528 623 606 669 δὲ
608 615 753 671 εἶπον
756 622 895 667 αὐτῶ·
913 621 969 672 ἐν
977 622 1209 672 βηθλεὲμ
1215 616 1270 670 τῆς

480 677 727 729 ἰουδαίας·
741 680 891 726 οὕτως
903 678 982 736 γὰρ
982 677 1201 736 γέγραπται
1202 672 1284 728 διὰ

476 738 535 801 τοῦ
538 739 837 796 προφήτου·
853 740 925 785 καὶ
932 745 991 788 σὺ
997 741 1202 794 βηθλεέμ
1205 744 1281 795 γῆ

482 802 657 848 ἰούδα,
667 802 878 851 οὐδαμῶς
877 796 1077 855 ἐλαχίστη
1084 796 1122 858 εἶ
1127 797 1163 853 ἐν
1171 802 1269 849 τοῖς

481 865 725 927 ἡγεμόσιν
737 861 902 915 ἰούδα·
918 863 967 919 ἐκ
973 866 1056 923 σοῦ
1061 864 1144 920 γὰρ
1147 863 1278 925 ἐξελεύ

478 937 628 979 σεται
634 929 919 980 ἡγούμενος.
927 929 1067 977 ὅστις
1070 929 1289 980 ποιμανεῖ

478 985 557 1038 τὸν
560 985 682 1040 λαόν
689 992 778 1035 μου
790 984 859 1038 τὸν
869 981 995 1034 ἰήλ·
1024 985 1130 1035 τότε
1132 983 1285 1038 ἡρώδης

426 1045 607 1110 Λάθρα
613 1045 821 1098 καλέσας
828 1046 925 1091 τοὺς
930 1046 1098 1105 μάγους,
1110 1047 1279 1102 ἠκρίβω

478 1118 552 1160 σε
560 1122 671 1165 παρ᾽
674 1111 833 1163 αὐτῶν,
840 1114 933 1163 τὸν
935 1111 1110 1167 χρόνον
1120 1113 1235 1164 τοῦ

475 1172 765 1230 φαινομένου
771 1175 992 1236 ἀστέρος·
1009 1176 1047 1225 καὶ
1055 1177 1266 1229 πέμψας

467 1237 630 1279 αὐτοὺς
642 1235 705 1285 εἰς
714 1241 929 1286 βηθλεὲμ,
938 1239 1089 1288 εἶπε·
1096 1244 1261 1290 πορευ

472 1298 649 1352 θέντες,
659 1294 856 1350 ἀκριβῶς
865 1295 1102 1348 ἐξετάσατε
1110 1303 1255 1351 περὶ

474 1361 525 1418 τοῦ
532 1359 762 1407 παιδίου·
783 1360 904 1412 ἐπάν
917 1359 978 1409 δε
986 1361 1135 1416 εὕρητε,
1135 1359 1290 1413 ἀπαγγεί

461 1425 628 1485 λατέ
634 1436 730 1475 μοι·
748 1427 880 1475 ὅπως
890 1427 996 1487 κἀγὼ
1001 1426 1147 1489 ἐλθὼν
1155 1444 1273 1491 προς
