1724 1988
661 123 731 196 πε[30]
738 144 811 196 τοῦ
819 136 1060 215 λεπροῦ:

566 228 620 310 ἦν
626 246 671 316 ἡ
672 255 846 312 πτῶσις
849 263 991 312 αὐτῆς
999 266 1183 318 μεγάλη·
1225 273 1328 324 καὶ

721 312 811 376 ὅτε
1096 325 1129 379 ὁ
1129 327 1179 377 ἰς
1182 333 1320 380 τοὺς
812 325 1089 383 συνετέλεσεν
506 317 717 372 Ἐγένητο

550 388 681 438 λόγους
683 381 875 437 τούτους,
893 385 1244 444 ἐξεπλήσσοντο
1249 386 1311 442 οἱ

543 443 700 496 ὄχλοι
709 441 790 498 ἐπὶ
796 445 865 499 τῆ
874 446 1045 499 δϊδαχῆ
1047 450 1201 500 αὐτοῦ·
1268 445 1338 509 γὰρ
1209 442 1260 504 ἦν

543 505 797 566 διδάσκων
982 506 1044 561 ὡς
1057 512 1276 568 ἐξουσίαν
1280 513 1356 575 ἔχων.
802 508 970 565 αὐτοὺς,

552 573 631 621 καὶ
773 576 825 629 οἱ
631 575 696 627 οὐχ
699 566 772 635 ὡς
832 569 1122 639 γραμματεῖς·
1195 587 1318 640 κατα

559 642 701 687 βάντι
703 632 764 688 δὲ
892 646 990 691 ἀπὸ
993 646 1076 697 τοῦ
766 640 889 693 αὐτῶ
1221 636 1349 698 ἠκολού
1076 640 1217 703 ὄρους.

536 696 694 750 θησαν
698 695 813 745 αὐτῶ
816 699 948 758 ὄχλοι
961 701 1164 756 πολλοί·
1236 701 1325 756 ἰδοὺ
1193 701 1226 759 <+>

508 753 705 814 Λεπρὸς
702 762 872 817 ἐλθὼν,
882 764 1140 820 προσεκύνει
1149 763 1275 814 αὐτῶ·
1277 767 1340 823 λέ

558 825 670 878 γων.
683 820 757 874 κε·
766 819 840 874 ἐὰν
853 830 995 882 θέλης,
996 818 1182 884 δύνασαί
1246 827 1314 879 κα
1183 829 1237 879 με

548 881 784 933 θαρίσαι·
894 887 1089 938 ἐκτείνας
810 886 886 933 καὶ
1090 881 1150 939 τὴν
1155 886 1329 944 χεῖρα,

553 936 713 994 ἥψατο
721 944 848 993 αὐτοῦ
855 942 885 996 ὁ
897 939 971 995 ἰς·
982 944 1130 1003 λέγων,
1137 955 1332 1015 θέλω·

555 1004 908 1057 καθαρίσθητϊ·
942 1009 976 1067 <+>
982 1009 1132 1063 εὐθέως
1139 1017 1331 1069 ἐκαθαρί

542 1067 635 1114 σθη
639 1064 766 1115 αὐτοῦ
775 1064 811 1121 ἡ
816 1068 1004 1118 λέπρα·
1034 1070 1075 1126 <+>
1077 1068 1184 1129 λέγει
1183 1071 1320 1125 αὐτῶ

534 1124 587 1183 ὁ
585 1122 679 1180 ἰς·
828 1126 1007 1191 μηδενὶ
1013 1131 1172 1191 εἴπης·
1188 1135 1264 1197 ἀλλ᾽
1270 1128 1359 1197 ὕπαγε
688 1127 813 1188 ὅρα.

546 1190 748 1255 σεαυτὸν
909 1193 970 1257 τῶ
751 1194 910 1259 δεῖξον
1203 1199 1337 1255 προσέ
1136 1201 1197 1257 καὶ
975 1196 1122 1258 ἱερεῖ·

682 1260 743 1309 τὸ
751 1260 901 1317 δῶρον
1235 1259 1339 1323 μωσ[11].
946 1262 1231 1323 προσέταξε
545 1264 674 1317 νεγκαι
903 1258 941 1317 ὃ

535 1321 605 1383 εἰς
611 1321 862 1378 μαρτΰριον
1128 1324 1338 1398 εἰσελθόντι
859 1324 1053 1387 αὐτοῖς·

1109 1399 1339 1457 προσῆλθεν
757 1389 1111 1465 καπερναούμ,
688 1373 746 1445 εἰς
577 1380 689 1441 αὐτῶ
473 1379 569 1437 Δὲ
