1767 1980
533 232 765 317 γϋναῖκα
766 216 879 312 πρὸς
879 262 940 322 τὸ
942 251 1211 311 ἐπιθϋμῆσαι
1215 215 1380 319 αὐτήν,

527 319 634 371 ἤδη
641 323 912 387 ἐμοίχευσεν
914 325 1044 382 αὐτὴν
1060 325 1118 385 ἐν
1126 323 1185 383 τῆ
1187 321 1370 384 καρδία

532 389 728 436 αὐτοῦ·
756 384 806 438 εἰ
812 385 874 437 δὲ
881 391 918 437 ὁ
918 392 1194 447 ὀφθαλμός
1197 403 1324 447 σου

529 447 563 504 ὁ
563 440 762 510 δεξιὸς
768 450 1115 512 σκανδαλϊζει
1120 457 1200 510 σε,
1202 448 1343 514 ἔξελε

535 513 696 572 αὐτόν·
708 516 789 570 καὶ
793 512 919 572 βάλε
922 513 1045 571 ἀπὸ
1047 519 1168 569 σοῦ·
1175 520 1342 577 σϋμφέ

529 575 603 645 ρει
605 578 690 641 γάρ
695 580 781 639 σοι,
787 577 883 638 ἵνα
893 574 1122 638 ἀπόληται
1128 573 1191 636 ἓν
1194 581 1315 635 τῶν

525 641 706 695 μελῶν
709 649 820 689 σου·
831 642 917 692 καὶ
920 640 986 692 μὴ
990 637 1099 699 ὅλον
1099 638 1158 700 τὸ
1164 641 1324 695 σῶμα

529 712 631 755 σου
633 709 797 759 βληθῆ
856 698 1116 757 γέενναν·
1149 696 1244 752 καὶ
1253 699 1313 762 εἰ
802 699 859 763 εἰς

791 763 876 822 χεὶρ
479 757 528 818 Ἡ
538 760 696 821 δεξιά
706 774 782 814 σου
889 761 1184 819 σκανδαλΐζει
1192 770 1291 812 σε,

515 820 766 887 ἔκκοψον
771 827 934 881 αὐτήν·
945 822 1016 879 καὶ
1025 825 1140 883 βάλε
1145 827 1255 875 ἀπὸ
1262 822 1336 878 σου·

533 891 768 947 σϋμφέρει
772 893 855 943 γάρ
862 902 946 945 σοι,
958 890 1053 947 ἵνα
1056 881 1308 943 ἀπόληται

534 947 600 1009 ἓν
608 945 705 999 τῶν
713 953 876 1006 μελῶν
883 965 995 1002 σου·
1010 954 1080 1003 καὶ
1092 946 1157 1001 μὴ
1162 946 1270 1007 ὅλον
1272 945 1321 1005 τὸ

532 1011 692 1064 σῶμα
691 1024 775 1064 σου
782 1009 947 1061 βληθῆ
950 1006 1022 1066 εἰς
1024 1014 1279 1072 γέενναν·

509 1066 722 1128 ἐρρέθη
727 1070 799 1126 ὅτι
803 1071 867 1125 ὃς
871 1066 940 1125 ἂν
951 1075 1174 1127 ἀπολύση
1180 1073 1302 1131 τὴν

525 1135 735 1195 γϋναῖκα
742 1134 901 1185 αὐτοῦ,
908 1133 1027 1188 δότω
1034 1130 1159 1192 αὐτῇ
1160 1134 1332 1192 ἀποστά

528 1202 673 1256 σιον·
689 1197 766 1255 ἐγώ
771 1190 827 1249 δε
829 1199 939 1253 λέγω
943 1199 1078 1250 ὑμῖν,
1087 1197 1178 1250 ὅτι
1181 1195 1235 1252 ὃς
1236 1195 1315 1255 ἂν

516 1260 767 1321 ἀπολύση
768 1260 851 1315 τὴν
856 1260 1067 1321 γυναῖκα
1069 1261 1205 1311 αὐτοῦ
1210 1269 1305 1319 παρ

533 1324 684 1375 εκτὸς
680 1327 847 1375 λόγου
857 1326 1118 1375 πορνείας,
1122 1321 1301 1370 ποιεῖ

533 1378 660 1440 αὐτὴν
668 1384 936 1448 μοιχᾶσθαι·
953 1386 999 1454 <++>
1006 1380 1057 1444 ὃς
1066 1377 1145 1448 ἐὰν
1152 1383 1326 1450 ἀπολε
