1577 1995
349 669 534 724 Βίβλος
535 672 765 731 γενέσεως
774 663 831 731 ἰῦ
829 668 907 726 χῦ·
914 673 1003 726 υἱοῦ
1004 666 1135 730 δαδ·

394 738 481 785 υἱοῦ
491 735 721 791 ἁβραάμ·
740 734 954 789 ἁβραὰμ,
957 729 1160 792 ἐγέννησε

385 799 473 861 τὸν
482 799 658 849 ἰσαάκ·
678 796 826 853 ἰσαὰκ
831 792 888 849 δὲ
902 802 1141 861 ἐγέννησε

386 866 465 923 τὸν
474 860 653 915 ἰακώβ·
673 866 822 916 ἰακὼβ
830 860 893 918 δὲ
899 870 1154 926 ἐγέννησε

387 927 464 977 τὸν
474 922 635 985 ἰούδαν
645 928 716 975 καὶ
724 928 827 974 τοὺς
840 925 1057 984 ἀδελφοὺς
1068 927 1168 977 αὐτοῦ·

383 985 553 1038 ἰούδας
557 981 615 1038 δὲ
626 983 842 1044 ἐγέννησε
857 988 915 1042 τὸν
925 987 1072 1045 φαρὲς
1086 985 1160 1054 <+>

384 1040 447 1109 τὸν
456 1044 615 1102 ζαρᾶ,
623 1050 670 1095 ἐκ
674 1055 756 1096 τῆς
760 1051 944 1101 θάμαρ·
956 1051 1099 1101 φαρὲς
1105 1059 1161 1110 δὲ

382 1111 597 1157 ἐγέννησε
601 1104 689 1154 τὸν
700 1107 887 1160 ἐσρώμ·
897 1104 1056 1160 ἐσρὼμ
1059 1110 1130 1157 δὲ

376 1164 600 1218 ἐγέννησε
604 1170 690 1225 τὸν
694 1162 848 1222 ἀράμ·
883 1168 1015 1220 ἀρὰμ
1018 1164 1071 1217 δὲ
1082 1162 1178 1227 ἐγέν

382 1230 511 1275 νησε
524 1229 602 1276 τὸν
613 1226 885 1281 ἀμϊναδάβ·
908 1230 1121 1287 ἀμϊναδὰβ
1130 1240 1184 1290 δὲ

375 1290 618 1347 ἐγέννησε
635 1297 701 1352 τὸν
710 1303 958 1354 ναασσών·
966 1300 1163 1352 ναασσών

366 1348 442 1405 δὲ
449 1353 683 1417 ἐγέννησε
687 1361 770 1412 τὸν
779 1361 1001 1415 σαλμών·
1023 1364 1194 1414 σαλμών

371 1408 427 1464 δὲ
442 1420 652 1479 ἐγέννησε
657 1420 732 1476 τὸν
738 1419 863 1482 βοόζ.
874 1417 916 1479 ἐκ
921 1420 983 1477 τῆς
985 1422 1136 1487 ῥαχάβ·
