1726 1988
491 265 815 351 καλεσάμενος
815 263 907 348 τοὺς
896 281 1080 347 δώδεκα
1081 256 1237 336 μαθητὰς
1239 235 1359 340 αὐτοῦ,

555 357 723 408 ἔδωκεν
726 360 856 400 αὐτοῖς
862 359 1070 404 ἐξουσίαν
1078 345 1206 398 πνων
1209 350 1356 398 ἀκαθάρ

852 417 1128 470 ἐκβάλλειν
543 425 670 470 των·
682 410 837 461 ὥστε
1132 410 1256 458 αὐτά·
1274 411 1337 467 <+>

539 477 841 533 θεραπεύειν
846 476 1001 526 πᾶσαν
1006 472 1165 532 νόσον·
1172 466 1248 516 καὶ
1254 476 1324 524 πᾶ

548 553 653 596 σαν
655 540 929 593 μαλακίαν·
944 538 1037 585 τῶν
1036 530 1111 582 δὲ
1118 533 1310 583 δώδεκα

547 602 795 671 ἀποστόλων
802 607 865 653 τὰ
876 597 1088 650 ὀνόματα,
1090 591 1175 650 εἰσὶ
1177 588 1342 648 ταῦτα·

551 681 758 726 πρῶτος,
761 673 931 720 σίμων·
939 669 961 719 ὁ
972 663 1199 719 λεγόμενος
1201 656 1367 720 πέτρος·

553 727 607 792 <+>
607 728 795 784 ἀνδρέας
800 728 826 781 ὁ
835 725 1031 779 ἀδελφὸς
1038 722 1195 773 αὐτοῦ·
1204 722 1362 777 ἰάκωβος

557 795 595 854 ὁ
595 794 666 849 τοῦ
666 790 964 835 ζεβεδαίου·
967 788 1049 833 καὶ
1050 790 1248 836 ἰωάννης
1254 779 1279 831 ὁ
1280 779 1328 828 ἀ

543 855 736 913 δελφὸς
734 855 897 903 αὐτοῦ·
903 850 1157 898 φίλϊππος·
1160 848 1247 888 καὶ
1247 849 1330 901 βαρ

567 916 839 981 θολομαῖος·
865 918 1028 966 θωμᾶς·
1036 912 1106 954 καὶ
1119 904 1334 952 ματθαῖος

612 982 824 1032 τελώνης·
830 979 1050 1021 ἰάκωβος
1049 973 1092 1016 ὁ
1088 956 1153 1015 τοῦ
1167 967 1361 1021 ἀλφαίου·
562 981 601 1036 ὁ

558 1046 612 1105 <+>
614 1040 833 1098 λεββαῖος.
839 1039 867 1090 ὁ
869 1032 1115 1087 ἐπικληθεὶς
1126 1027 1364 1079 θαδδαῖος·

565 1110 715 1157 σίμων
714 1109 753 1158 ὁ
1004 1093 1068 1146 καὶ
1079 1086 1230 1143 ἰούδας
1238 1094 1347 1141 ἰσκα
761 1098 989 1154 κανανίτης·

573 1164 749 1214 ρϊώτης·
759 1163 791 1216 ὁ
793 1162 864 1212 καὶ
868 1153 1107 1216 παραδοὺς
1109 1151 1303 1213 αὐτόν·

500 1234 711 1277 Τούτους
714 1225 799 1278 τοὺς
808 1223 986 1276 δώδεκα
993 1222 1241 1272 ἀπέστειλεν
1242 1221 1270 1267 ὁ
1269 1213 1343 1266 ἰς.

872 1281 1028 1334 αὐτοῖς·
1254 1272 1341 1333 ὁδὸν
1030 1280 1178 1339 λέγων,
1177 1277 1244 1338 εἰς
570 1293 868 1338 παραγγείλας

567 1344 713 1405 ἐθνῶν
726 1349 790 1406 μὴ
798 1347 1078 1405 ἀπέλθητε·
1141 1343 1193 1404 εἰς
1091 1347 1139 1404 <+>
1196 1343 1316 1394 πόλϊν

562 1411 852 1483 σαμαρειτῶν,
859 1411 931 1475 μὴ
939 1408 1176 1466 εἰσέλθητε·
1174 1404 1381 1470 πορεύεσθε
