1638 1980
465 273 665 340 δοκοῦσϊ
677 280 758 349 γὰρ
775 253 835 340 ὅτϊ
842 270 899 351 ἐν
904 263 950 346 τῆ
964 271 1242 349 πολϋλογΐα

478 348 621 412 αὐτῶν
625 349 1049 405 εἰσακουσθήσονται·
1062 350 1148 406 μὴ
1150 349 1243 405 οὖν

476 417 751 464 ὁμοιωθῆτε
759 414 933 458 αὐτοῖς·
947 411 1042 461 οἶδε
1054 406 1132 470 γὰρ
1136 414 1164 463 ὁ
1160 409 1245 466 πὴρ

466 475 600 531 ὑμῶν.
609 469 669 531 ὧν
676 471 825 535 χρείαν
835 472 951 529 ἔχετε,
951 478 1060 531 πρὸ
1059 481 1119 530 τοῦ
1123 479 1257 526 ὑμᾶς

468 534 648 582 αἰτῆσαι
649 539 819 587 αὐτον·
851 534 973 595 οὕτως
989 534 1059 586 οὖν
1068 538 1250 592 προσεύχε

420 597 537 651 σθε
537 591 692 653 ὑμεῖς·
717 596 824 651 περ
833 600 939 652 ἡμῶν
940 597 965 653 ὁ
966 597 1027 653 ἐν
1029 591 1108 650 τοῖς
1108 594 1268 650 οὐνοῖς.

475 660 703 715 ἁγϊασθήτω
717 654 760 715 τὸ
768 657 922 709 ὄνομά
925 665 1022 705 σου·
1029 655 1197 710 ἐλθέτω
1203 659 1243 704 ἡ

462 720 703 770 βασϊλεία
707 730 811 764 σου·
822 722 1059 773 γενηθήτω
1073 720 1114 771 τὸ
1121 716 1274 770 θέλημά

472 785 580 824 σου·
590 779 668 823 ὡς
677 773 734 828 ἐν
737 772 858 825 οὐνῶ
865 777 943 827 καὶ
944 774 1037 829 ἐπὶ
1040 779 1118 822 τῆς
1123 777 1254 833 γῆς·

470 831 545 892 τὸν
546 828 693 888 ἄρτον
699 833 832 893 ἡμῶν
840 836 915 891 τὸν
915 831 1174 888 ἐπϊούσϊον,
1176 834 1253 886 δὸς

476 896 605 955 ἡμῖν
607 896 841 954 σήμερον·
857 895 922 951 καὶ
929 895 1066 949 ἄφες
1067 893 1185 953 ἡμῖν
1189 893 1249 952 τὰ

479 959 785 1010 ὀφειλήματα
793 959 929 1011 ἡμῶν.
936 962 1015 1009 ὡς
1017 960 1091 1005 καὶ
1101 961 1240 1007 ἡμεῖς

468 1015 680 1071 ἀφίεμεν
689 1016 774 1069 τοῖς
783 1018 1042 1066 ὀφειλέταις
1047 1013 1232 1071 ἡμῶν·

459 1083 523 1141 <+>
530 1078 603 1137 μὴ
610 1080 861 1134 εἰσενέγκης
869 1074 995 1127 ἡμᾶς
1005 1074 1068 1141 εἰς
1069 1071 1264 1135 πειρασμόν·

479 1138 591 1193 ἀλλὰ
591 1134 726 1196 ῥῦσαι
733 1134 849 1185 ἡμᾶς
851 1135 970 1183 ἀπὸ
973 1141 1047 1183 τοῦ
1048 1136 1261 1186 πονηροῦ·

471 1196 566 1249 ὅτϊ
570 1199 656 1250 σοῦ
657 1198 764 1249 ἐστιν
768 1190 817 1255 ἡ
817 1189 1027 1248 βασιλεία
1037 1186 1110 1244 καὶ
1114 1189 1148 1241 ἡ
1152 1186 1260 1246 δύνα

483 1260 561 1309 μϊς
565 1252 645 1305 καὶ
642 1262 686 1306 ἡ
684 1252 802 1312 δόξα
808 1255 866 1303 εἰς
864 1251 957 1304 τοὺς
959 1251 1132 1302 αἰῶνας·
1134 1252 1276 1305 ἀμήν·

418 1304 540 1374 Ἐὰν
545 1313 629 1369 γὰρ
635 1312 804 1365 ἀφῆτε
803 1310 894 1362 τοῖς
897 1310 1021 1367 ἀνοις
1021 1309 1089 1364 τὰ
1097 1313 1264 1367 παραπτώ

479 1392 620 1440 ματα
624 1372 785 1449 αὐτῶν,
793 1371 965 1453 ἀφήσει
974 1370 1050 1452 καὶ
1055 1372 1158 1437 ὑμῖν
1160 1370 1180 1431 ὁ
1183 1370 1268 1455 πὴρ
