1627 1988
386 163 423 239 ι:
474 148 535 235 πε[30]
546 154 597 234 τοῦ
605 173 653 236 μὴ
660 169 977 237 ἐπιτρεπομένου
988 171 1227 249 ἀκολουθεῖν:

440 279 661 341 ἀσθενείας
676 283 796 341 ἡμῶν
801 266 923 338 ἔλαβε·
940 283 1008 337 καὶ
1010 272 1074 332 τὰς
1072 265 1253 343 νόσους

429 351 734 395 ἐβάστασεν·
758 348 868 405 ἰδὼν
872 346 929 400 δε
937 349 963 404 ὁ
968 345 1012 402 ἰς
1017 353 1195 398 πολλοὺς

362 398 589 462 Ὄχλους
595 410 713 463 περὶ
718 412 852 462 αὐτὸν,
854 411 1058 463 ἐκέλευσεν
1068 414 1189 469 ἀπελ

442 474 524 524 θεῖν
533 471 584 530 εἰς
591 479 642 527 το
642 472 824 519 πέραν·
832 471 882 527 <+>
889 476 1125 527 προσελθὼν
1129 470 1180 534 εἷς

432 535 721 594 γραμματεὺς,
719 530 861 588 εἶπεν
863 531 997 587 αὐτῶ·
1003 532 1215 587 διδάσκαλε·

424 602 723 644 ἀκολουθήσω
724 601 794 645 σοι
795 601 930 645 ὅπου
931 597 1017 647 ἐὰν
1019 597 1221 650 ἀπέρχῃ·

435 656 529 709 λέγει
530 656 643 700 αὐτῶ
646 656 675 700 ὁ
685 651 766 705 ἰς·
774 655 832 700 αἱ
836 652 1087 709 ἀλώπεκες,
1090 656 1200 713 φω

424 717 550 777 λεοὺς
556 716 704 771 ἔχουσϊ·
712 717 777 769 καὶ
780 721 846 771 τὰ
850 717 1026 779 πετεινὰ
1028 708 1078 776 τοῦ
1083 716 1197 776 οὐνοῦ,

436 789 840 832 κατασκηνώσεις·
850 784 887 836 ὁ
890 780 945 830 δὲ
962 785 1035 834 υἱὸς
1041 780 1089 836 τοῦ
1094 781 1201 840 ἀνου,

417 842 500 903 οὐκ
505 838 589 905 ἔχει
595 844 694 895 ποῦ
696 837 760 895 τὴν
769 846 962 901 κεφαλὴν
967 846 1157 894 κλίνη·

424 905 607 958 Ἕτερος
607 897 673 957 δὲ
683 908 775 960 τῶν
783 907 980 959 μαθητῶν,
985 903 1119 961 εἶπεν
1121 897 1219 954 αὐτῶ·

442 963 524 1019 κε·
532 965 775 1021 ἐπίτρεψόν
779 978 866 1019 μοι,
871 967 1043 1014 πρῶτον
1043 963 1223 1017 ἀπελθεῖν.

401 1028 470 1082 <+>
475 1023 602 1078 θάψαι
608 1025 686 1078 τὸν
693 1024 802 1075 πρα
806 1031 912 1073 μου·
934 1025 971 1071 ὁ
976 1016 1033 1071 δὲ
1043 1023 1089 1078 ἰς,
1090 1020 1190 1084 εἶπεν

442 1085 582 1133 αὐτῶ·
613 1083 829 1137 ἀκολούθει
837 1093 924 1134 μοι·
936 1081 1005 1135 καὶ
1010 1083 1134 1144 ἄφες
1138 1086 1203 1145 τοὺς

438 1146 631 1202 νεκρούς,
641 1143 761 1206 θάψαι
761 1141 862 1196 τοὺς
867 1143 1025 1203 ἑαυτῶν
1028 1149 1211 1209 νεκρούς·

386 1213 491 1271 καὶ
492 1207 699 1263 ἐμβάντϊ
703 1211 800 1263 αὐτῶ
803 1207 869 1263 εἰς
869 1204 922 1261 τὸ
924 1209 1088 1268 πλοῖον,
1091 1213 1210 1273 ἠκολού

436 1276 590 1325 θησαν
600 1275 702 1324 αὐτῶ
709 1271 744 1324 οἱ
752 1269 919 1336 μαθηταὶ
923 1273 1077 1325 αὐτοῦ·
1111 1275 1187 1322 καὶ

441 1327 525 1388 ἰδοὺ
529 1336 709 1393 σεισμὸς
720 1336 837 1397 μέγας
845 1337 1016 1401 ἐγένετο
1024 1333 1061 1399 ἐν
1068 1338 1134 1397 τῆ
1136 1330 1223 1393 θαλά

433 1404 540 1455 σση·
550 1394 662 1458 ὥστε
670 1404 718 1459 τὸ
729 1406 896 1459 πλοῖον,
895 1406 1186 1460 καλύπτεσθαι

375 1525 457 1603 ια:
476 1515 532 1600 πε[30]
538 1516 580 1598 τ[11]
587 1525 849 1595 ἐπιτιμήσεως
853 1530 903 1593 τ[10]
907 1509 1073 1596 ὑδάτ[7]:
