1649 1980
466 264 706 336 ἀγαθοὺς·
717 276 755 341 <+>
763 271 894 354 βρέχει
899 277 978 338 ἐπὶ
981 270 1193 341 δικαίους
1203 282 1249 344 <+>

463 339 726 395 ἀδίκους·
749 352 835 404 ἐὰν
841 351 929 407 γὰρ
927 344 1175 408 ἀγαπήσητε
1176 345 1249 405 τοὺς

423 405 716 465 Ἀγαπῶντας
727 410 871 460 ὑμᾶς,
876 417 996 463 τίνα
1004 411 1135 469 μϊσθὸν
1140 409 1259 473 ἔχετε·

469 470 556 534 οὐχὶ
562 465 603 528 <+>
615 471 656 516 οἱ
657 470 828 524 τελῶναι
838 474 888 525 τὸ
892 471 988 523 αὐτὸ
999 476 1179 519 ποιοῦσι;
1203 476 1242 522 <+>

469 537 577 593 ἐὰν
580 531 841 581 ἀσπάσησθε
850 530 953 575 τοὺς
957 533 1114 585 φίλους
1123 532 1240 594 ὑμῶν

479 595 632 645 μόνον,
632 590 693 647 τί
691 594 909 652 περϊσσὸν
911 600 1131 653 ποιεῖτε·
1132 599 1215 660 οὐχὶ

469 653 521 707 <+>
530 659 569 705 οἱ
569 652 760 710 τελῶναι
762 655 866 707 οὕτω
870 658 1111 712 ποιοῦσιν;
1130 663 1227 713 ἔσε

484 715 569 765 σθε
576 715 655 759 οὖν
665 716 786 763 ὑμεῖς
787 709 967 769 τέλειοι·
978 715 1130 770 ὥσπερ
1134 723 1162 759 ὁ
1163 719 1233 769 πὴρ

468 770 613 834 ὑμῶν
625 773 647 822 ὁ
656 774 710 832 ἐν
714 777 807 824 τοῖς
813 772 972 828 οὐνοῖς,
972 776 1136 829 τέλειός
1149 780 1258 837 ἐστι·

432 838 681 891 Προσέχετε
682 837 759 888 τὴν
765 838 1070 891 ἐλεημοσύνην
1078 836 1234 892 ὑμῶν.

490 896 569 950 μὴ
577 895 708 953 ποιεῖν
716 896 977 951 ἔμπροσθεν
979 895 1059 951 τῶν
1065 895 1232 951 ἀνων

492 958 622 1014 πρὸς
625 953 678 1015 τὸ
685 955 898 1012 θεαθῆναι
902 956 1075 1006 αὐτοῖς·
1087 955 1226 1012 εἰδεμή
1231 954 1267 1012 γε,

490 1021 638 1067 μϊσθὸν
650 1020 711 1065 οὐκ
713 1016 810 1077 ἔχετε
822 1015 961 1070 παρὰ
958 1014 1014 1069 τῶ
1012 1009 1109 1069 πρὶ
1108 1020 1242 1072 ὑμῶν

493 1069 565 1130 τῶ
570 1078 611 1135 ἐν
623 1083 714 1127 τοῖς
722 1077 908 1128 οὐνοῖς·
940 1079 1053 1138 ὅταν
1059 1075 1129 1124 οὖν
1130 1085 1246 1130 ποιῆς

490 1142 839 1193 ἐλεημοσύνην,
845 1145 917 1193 μὴ
923 1137 1140 1188 σαλπίσης
1150 1137 1234 1195 ἔμ

489 1197 696 1253 προσθέν
704 1212 791 1248 σου,
800 1202 953 1254 ὥσπερ
958 1201 990 1248 οἱ
996 1201 1252 1255 ὑποκρϊταὶ

496 1263 704 1318 ποιοῦσϊν
705 1259 766 1318 ἐν
768 1267 874 1310 ταῖς
877 1265 1131 1321 συναγωγαῖς
1139 1269 1241 1317 καὶ

486 1325 559 1383 ἐν
564 1328 664 1377 ταῖς
670 1324 856 1377 ῥύμαις·
869 1320 994 1373 ὅπως
999 1318 1251 1379 δοξασθῶσιν

478 1385 580 1447 ὑπὸ
585 1382 669 1432 τῶν
673 1383 828 1446 ἀνων·
841 1384 978 1437 ἀμὴν
977 1380 1076 1454 λέγω
1081 1377 1233 1453 ὑμῗν,
