1648 1980
475 283 726 337 λυμένην
733 277 946 343 γαμήση,
947 279 1222 340 μοιχᾶται·

439 346 610 404 Πάλϊν
619 343 843 394 ἠκούσατε
857 345 940 396 ὅτι
949 344 1090 405 ἐρρέθη
1097 345 1230 395 τοῖς

489 404 727 464 ἀρχαίοις,
728 404 811 465 οὐκ
815 404 1145 462 ἐπιορκήσεις·
1154 404 1245 463 ἀπο

481 466 669 516 δώσεις
674 463 732 518 δὲ
744 473 806 517 τῶ
816 466 877 512 κω
884 463 986 513 τοὺς
991 463 1158 515 ὅρκους
1160 481 1274 521 σου·

493 528 576 587 ἐγώ
577 519 641 576 δε
648 525 754 585 λέγω
767 530 896 585 ὑμῖν,
908 519 971 575 μὴ
980 526 1132 580 ὀμόσαι
1144 522 1272 581 ὅλως·

494 597 630 640 μήτε
637 594 681 645 ἐν
691 595 754 641 τῶ
757 582 899 639 οὐνῶ·
907 581 972 635 ὅτι
981 587 1132 640 θρόνος
1142 586 1236 640 ἐστὶ

480 641 526 706 τοῦ
534 644 600 703 θῦ,
616 647 719 704 μήτε
730 645 783 699 ἐν
788 650 840 699 τῆ
845 652 924 704 γῆ·
938 647 1015 695 ὅτι
1026 645 1259 701 ὑποπόδιον

484 713 570 764 ἐστὶ
579 711 665 761 τῶν
674 709 853 761 ποδῶν
861 712 1019 759 αὐτοῦ·
1041 709 1171 760 μήτε
1174 705 1251 759 εἰς

479 765 837 823 ἱεροσόλυμα·
850 765 916 818 ὅτι
925 767 1066 824 πόλϊς
1081 766 1152 815 ἐστὶ
1155 761 1240 826 τοῦ

491 829 677 896 μεγάλου
686 832 974 885 βασιλέως·
988 826 1117 881 μήτε
1134 829 1183 877 ἐν
1186 827 1243 875 τῆ

491 896 680 949 κεφαλῆ
687 898 772 948 σου
781 896 986 941 ὀμόσης·
1004 888 1099 939 ὅτι
1100 890 1143 941 οὐ
1143 879 1248 940 δύνα

478 961 564 1007 σαι
570 951 687 1009 μίαν
696 957 853 1013 τρίχα,
861 945 1022 1006 λευκὴν
1041 941 1070 997 ἢ
1074 942 1257 1008 μέλαιναν

490 1014 739 1064 ποιῆσαι·
767 1015 875 1064 ἔστω
878 1008 940 1060 δὲ
953 1014 979 1060 ὁ
983 1011 1091 1071 λόγος
1097 1011 1251 1069 ὑμῶν,

488 1067 575 1126 ναί,
582 1068 668 1129 ναί·
689 1067 763 1127 οὔ,
763 1067 834 1131 οὔ·
866 1068 916 1129 τὸ
914 1064 983 1124 δὲ
996 1073 1223 1128 περισσὸν

480 1136 696 1194 τούτων,
709 1135 760 1187 ἐκ
769 1143 848 1182 τοῦ
862 1135 1087 1186 πονηροῦ
1092 1137 1232 1192 ἐστιν·

422 1194 712 1246 ἠκούσατε
725 1191 792 1247 ὅτι
801 1195 964 1251 ἐρρέθη,
971 1195 1242 1246 ὀφθαλμὸν,

482 1256 600 1310 ἀντὶ
611 1260 890 1313 ὀφθαλμοῦ·
911 1265 982 1310 καὶ
989 1256 1171 1311 ὀδόντα,
1173 1258 1256 1310 ἀντῒ

467 1315 707 1370 ὀδόντος·
740 1322 811 1375 ἐγώ
813 1316 879 1372 δε
877 1316 987 1373 λέγω
994 1316 1130 1371 ὑμῖν,
1148 1317 1235 1368 μὴ

483 1384 768 1440 ἀντιστῆναι
776 1386 844 1437 τῶ
842 1381 1087 1441 πονηρῶ·
1102 1378 1190 1440 ἀλλ᾽
1193 1375 1242 1437 ὅσ
