1627 1988
417 280 463 361 <+>
478 275 740 349 ἐκβληθέντος
753 279 795 353 τοῦ
803 252 988 353 δαιμονίου,
994 283 1193 350 ἐλάλησεν

411 359 467 415 ὁ
468 360 658 413 κωφός·
672 356 743 404 καὶ
752 354 1004 403 ἐθαύμασαν
1002 354 1043 403 οἱ
1054 354 1185 411 ὄχλοι·

413 417 610 468 λέγοντες,
621 415 694 463 ὅτϊ
699 411 917 460 οὐδέποτε
922 411 1067 463 ἐφάνη
1071 412 1198 459 οὕτως

403 473 480 527 ἐν
485 477 546 520 τῶ
549 471 639 524 ἰήλ·
683 475 723 519 οἱ
719 463 784 519 δὲ
791 472 1008 525 φαρϊσαῖοι
1017 471 1174 528 ἔλεγον.

415 536 481 590 ἐν
475 533 532 588 τῶ
535 527 701 592 ἄρχοντι
705 533 782 589 τῶν
780 526 1026 587 δαιμονίων,
1031 532 1201 590 ἐκβάλλει

421 594 472 663 τὰ
1116 599 1184 653 τὰς
1060 594 1111 652 ἰς
468 593 707 649 δαιμόνια·
733 594 808 651 καὶ
819 600 1028 649 περϊῆγεν
1037 601 1062 653 ὁ

370 661 545 719 Πόλεις
560 664 708 709 πάσας
709 662 777 710 καὶ
781 651 849 711 τὰς
848 663 1019 709 κώμας.
1021 653 1206 713 διδάσκων

421 725 486 779 ἐν
489 730 579 770 ταῖς
586 723 825 768 σϋναγωγαῖς
833 715 985 770 αὐτῶν·
995 715 1064 772 καὶ
1069 715 1196 773 κηρΰσ

423 794 525 836 σων
527 786 578 835 τὸ
583 779 798 836 εὐαγγέλϊον
797 772 856 828 τῆς
858 784 1120 831 βασϊλείας·
1121 781 1179 846 <+>

416 848 726 901 θεραπεύων
736 844 879 894 πᾶσαν
884 844 1015 889 νόσον
1018 846 1050 898 <+>
1057 845 1198 896 πᾶσαν

420 907 644 964 μαλακίαν
647 908 704 958 ἐν
760 905 894 960 λαῶ·
705 908 761 955 τῶ
1114 898 1213 962 τοὺς
952 897 1055 961 ἰδὼν
1060 901 1114 957 δὲ

367 968 589 1019 ὄχλους,
592 970 885 1022 ἐσπλαγχνίσθη
886 967 1009 1025 περὶ
1010 965 1182 1021 αὐτῶν·

426 1019 527 1079 ὅτϊ
527 1020 641 1086 ἦσαν
644 1029 910 1077 ἐσκυλμένοι
921 1028 991 1081 καὶ
997 1024 1208 1088 ἐρρϊμμένοι,

406 1095 491 1136 ὡς
498 1091 723 1138 πρόβατα
725 1090 783 1140 μὴ
781 1078 924 1149 ἔχοντα
923 1088 1156 1144 ποιμένα·

420 1147 549 1199 τότε
551 1143 662 1209 λέγει
665 1145 754 1193 τοῖς
754 1149 969 1198 μαθηταῖς
969 1147 1105 1197 αὐτοῦ·
1114 1153 1145 1199 ὁ
1147 1149 1212 1213 μὲν

424 1213 674 1265 θερισμὸς,
677 1204 857 1260 πολΰς·
860 1208 901 1252 οἰ
905 1201 967 1263 δὲ
972 1212 1196 1256 ἐργάται,

423 1268 587 1327 ὀλΐγοι·
593 1263 782 1320 δεήθητε
787 1264 863 1325 οὖν
863 1272 937 1321 τοῦ
940 1272 1101 1322 κϋρίου
1101 1267 1180 1320 τοῦ

406 1332 662 1393 θερισμοῦ.
670 1330 806 1381 ὅπως
809 1329 982 1382 ἐκβάλη
982 1330 1188 1390 ἐργάτας

417 1395 523 1454 εἰς
526 1395 602 1453 τὸν
603 1391 830 1450 θερισμὸν
830 1395 996 1450 αὐτοῦ·
1019 1393 1073 1451 <++>
1085 1399 1217 1459 προς

371 1527 431 1622 ιθ:
457 1502 505 1596 πε[30]
517 1509 558 1592 τ[11]
571 1514 664 1601 τ[10]
663 1517 870 1593 ἀποστόλων
875 1514 1074 1601 δϊαταγῆς:
