1722 1995
412 231 526 296 Τοῦ
538 220 604 282 δὲ
614 221 668 290 ἰῦ
668 224 732 312 χῦ
741 222 774 297 ἡ
779 216 1006 291 Γέννησις,
1013 222 1154 289 οὕτως
1154 218 1260 297 ἦν·

459 314 814 360 μνηστευθείσης
823 301 911 364 γὰρ
912 297 990 353 τῆς
996 298 1096 359 μρς
1101 298 1254 356 αὐτοῦ

478 368 659 423 μαρίας
668 374 737 417 τῶ
740 363 926 419 ἰωσὴφ·
933 364 1091 423 πρινὴ
1095 367 1261 419 συνελ

474 428 590 483 θεῖν
595 425 768 486 αὐτούς,
771 421 949 483 εὑρέθη
957 425 1007 486 ἐν
1014 427 1146 490 γαστρὶ
1151 424 1252 492 ἔχουσα

475 488 541 538 ἐκ
551 488 656 546 πνς
655 486 805 548 ἁγίου·
821 489 987 544 ἰωσὴφ
995 490 1048 540 δὲ
1054 492 1087 539 ὁ
1096 493 1247 554 ἀνήρ

476 551 626 605 αὐτῆς
626 547 814 601 δίκαιος
819 549 899 600 ὤν·
911 548 979 599 καὶ
990 546 1051 606 μὴ
1058 557 1245 608 θελων

480 609 609 668 αὐτὴν
616 611 1087 666 παραδειγματίσαι,
1094 614 1274 668 ἐβουλή

480 675 541 735 θη
543 677 713 736 λάθρα
715 674 938 733 ἀπολῦσαι
947 679 1112 730 αὐτήν·
1131 680 1281 728 ταῦτα

460 737 533 787 δὲ
553 742 689 788 αὐτοῦ
699 742 1091 793 ἐνθυμηθέντος,
1098 735 1253 791 ἰδοὺ

480 798 640 853 ἄγγελος
650 799 712 856 κυ
715 799 930 856 κατόναρ
939 800 1104 851 ἐφάνη
1109 798 1258 850 αὐτῶ·

478 864 620 918 λέγων,
630 858 800 918 ἰωσὴφ
803 859 885 917 υἱὸς
886 859 1015 914 δαδ·
1020 864 1086 911 μὴ
1093 851 1283 915 φοβηθῆς

490 926 785 981 παραλαβεῖν
796 919 991 982 μαριὰμ
989 918 1059 980 τὴν
1061 922 1265 983 γϋναῖκα

486 1000 614 1038 σου·
625 988 680 1041 τὸ
685 993 765 1054 γὰρ
773 989 826 1046 ἐν
837 987 939 1035 αὐτῆ
947 986 1175 1050 γεννηθέν,
1182 986 1278 1043 ἐκ

485 1049 602 1110 πνς
615 1055 719 1110 ἐστὶν
718 1055 866 1110 ἁγίου·
884 1054 1084 1109 τέξεται
1086 1051 1152 1104 δὲ
1165 1054 1281 1107 υἱόν·

419 1116 528 1181 Καὶ
537 1119 761 1175 καλέσεις
770 1118 818 1176 τὸ
824 1113 979 1168 ὄνομα
984 1111 1109 1165 αὐτοῦ
1111 1110 1194 1169 ἰν·
1203 1110 1297 1168 αὐτ[14]

483 1183 564 1234 γὰρ
574 1183 702 1227 σώσει
711 1179 794 1228 τὸν
795 1180 908 1228 λαὸν
916 1176 1060 1229 αὐτοῦ,
1066 1174 1179 1226 ἀπὸ
1190 1170 1275 1228 τῶν

484 1239 718 1299 ἁμαρτιῶν
724 1243 898 1296 αὐτῶν·
926 1239 1054 1289 τοῦτο
1055 1236 1120 1291 δὲ
1128 1240 1254 1298 ὅλον

482 1314 691 1366 γέγονεν,
702 1311 792 1360 ἵνα
799 1303 1045 1364 πληρωθῆ
1048 1303 1100 1365 τὸ
1105 1303 1258 1366 ῥηθὲν

467 1372 592 1433 ὑπὸ
593 1369 672 1429 τοῦ
680 1370 755 1424 κυ.
760 1366 865 1425 διὰ
867 1377 954 1439 τοῦ
961 1372 1266 1444 προφήτου
